1669 2878
561 94 1025 130 raon-neonem&
1415 82 1477 130 49

106 220 266 261 mum,
293 204 389 269 qui-
402 201 696 271 >indigestam
718 199 1007 271 rudemque
1021 202 1248 254 omnium
1263 202 1474 256 elemen‘·

108 295 278 338 torum
294 284 478 338 molem
499 286 554 334 in
578 283 806 334 ordinem
820 285 1092 353 redigeret,
1116 285 1216 334 iam
1230 287 1360 354 apud
1379 287 1476 338 He-

108 367 303 418 siodum
327 367 648 435 Theogoniae
673 367 819 416 initio
848 369 1104 418 inveniri.·-
1132 365 1303 430 Quid?
1336 369 1475 436 quod

107 448 187 500 vel
211 451 308 501 iam
329 450 643 517 Anaxagoras
660 447 1004 501 Clazomenius
1024 450 1236 501 ‘Homeri
1261 453 1478 501 carmina

108 530 368 602 allegorice
391 541 465 582 est
486 533 856 600 interpretatus,
875 550 970 583 nec
993 550 1100 583 non
1122 549 1320 584 sensum
1338 533 1397 584 iis
1415 533 1477 582 ad

108 634 268 683 mores
286 613 572 668 formandos
588 623 890 684 spectantem
906 617 1063 665 inesse
1080 615 1396 683 arbitratus(¹
1407 619 1447 685 ).
1464 628 1473 647 ‘-

243 696 397 761 Quod
410 706 579 748 autem
595 685 786 757 attinet,
806 708 866 749 ut
882 701 1044 769 prisca
1066 697 1160 749 alia
1173 717 1474 760 memorem,

111 781 396 831 Stoicorum
421 784 696 838 conamina,
717 780 929 848 Orphei,
948 783 1157 841 Musaei,
1178 782 1381 834 Hesiodi
1406 793 1479 833 at-

111 881 210 931 que
227 863 434 914 Homeri
456 862 652 914 fabulas
675 861 1027 915 accomodandi
1050 862 1114 912 ad
1139 881 1213 923 ea,
1238 883 1366 932 quae
1387 867 1481 934 ipsi

111 946 171 996 de
197 946 286 999 diis
316 946 680 997 immortalibus
714 955 946 1004 statuant,
985 956 1044 996 ut
1077 948 1225 997 etiam
1252 949 1481 998 vetustis-

111 1030 223 1078 simi
255 1040 448 1098 poctac,
483 1030 574 1097 qui
607 1027 731 1077 haec
760 1046 825 1077 ne
858 1030 1088 1096 suspicati
1121 1029 1324 1096 quidem
1358 1032 1475 1090 sint,

111 1111 265 1162 Stoici
297 1111 452 1162 fuisse
484 1110 771 1169 videantur,
809 1120 1025 1170 constat,
1064 1129 1164 1179 qua
1197 1113 1391 1162 ratione
1424 1113 1479 1162 in

110 1196 243 1263 ipsos
270 1195 622 1245 animadvertat
646 1194 824 1245 Cicero
848 1195 939 1261 (2).
976 1193 1145 1257 Quam
1171 1192 1377 1245 difficilis
1402 1213 1481 1245 ve-

110 1287 275 1327 terum
285 1277 923 1345 fabularuminterpretatio
933 1276 1195 1344 allegorica
1205 1286 1341 1336 esset,
1353 1277 1482 1328 bene

110 1360 236 1411 vidit
245 1359 523 1429 Strabo(³),
537 1360 599 1410 de
616 1358 919 1429 explicandis
938 1359 1123 1430 mythis
1140 1377 1256 1410 vere
1272 1359 1394 1410 haec
1405 1359 1482 1411 lo·

113 1453 276 1493 cutus:
302 1481 315 1501 ,
324 1437 536 1503 ,Ἅπαντα
551 1440 597 1491 δὲ
612 1439 671 1492 τὰ
686 1440 922 1503 αἰνίγματα.
936 1437 1049 1491 λύειν
1068 1444 1140 1492 ἐπ’
1150 1436 1332 1515 ἀκριβὲς
1350 1445 1396 1492 οὔ
1406 1438 1484 1515 ῥά-

112 1522 235 1573 διον”.
262 1524 523 1575 Probanda
536 1526 690 1592 igitur
701 1526 795 1576 viri
809 1520 1077 1575 doctissimi
1095 1524 1189 1574 hac
1203 1524 1264 1573 de
1281 1543 1334 1574 re
1345 1525 1483 1575 vide-

114 1617 197 1658 tur
210 1610 466 1668 sententia,
475 1626 579 1658 non
590 1625 889 1677 magnopere
900 1609 1140 1657 nimirum
1148 1606 1366 1658 adiutam
1378 1625 1484 1658 esse

113 1692 424 1742 Graecorum
440 1690 808 1760 philosophiam
828 1690 891 1739 ab
910 1692 1135 1759 ipsorum
1151 1690 1479 1760 mythologia,

112 1782 288 1843 utpote
304 1775 520 1824 maxima
535 1791 596 1823 ex
613 1783 753 1843 parte
769 1790 935 1833 vanas,
956 1774 1081 1841 quin
1096 1774 1243 1823 etiam
1255 1775 1484 1842 turpissi-

113 1876 235 1917 mas,
258 1857 318 1907 de
331 1857 428 1908 diis
446 1859 703 1927 opiniones
721 1856 1024 1925 divulgante,
1051 1856 1136 1908 sed
1151 1856 1321 1907 eadem
1338 1859 1486 1908 etiam

114 1941 355 1990 excitante
375 1940 644 1990 hominum
666 1941 1024 2008 sapientiorum
1048 1942 1256 1997 animos,
1287 1951 1345 1989 ut
1362 1940 1486 2007 quid

113 2023 279 2073 verius
297 2021 594 2090 digniusque
611 2021 672 2072 de
691 2039 939 2090 suprema,
971 2024 1138 2072 omnia
1154 2022 1491 2090 gubernante,-

114 2105 425 2176 providentia
441 2105 660 2174 indagari
680 2114 830 2174 atque
849 2107 996 2155 statui
1020 2114 1203 2175 posset,
1234 2107 1488 2175 perquire-

114 2198 243 2239 rent.
281 2189 415 2239 Hinc
441 2187 767 2258 mythologia,
796 2190 885 2239 etsi
910 2189 1112 2240 initium
1137 2199 1269 2240 certe
1294 2192 1482 2258 optimo

200 2353 261 2408 (¹)
291 2353 419 2410 Diog.
434 2354 569 2394 Laert.
585 2355 637 2404 11,
649 2365 687 2394 c.
700 2355 741 2403 3,
755 2369 801 2394 n.
815 2356 856 2403 7,
886 2354 942 2393 cf.
961 2355 1115 2409 Georg.
1135 2351 1315 2409 Syneell.
1336 2351 1481 2391 chron.

116 2434 160 2475 p.
171 2418 266 2462 149.
286 2420 352 2460 ed.
361 2422 459 2471 Par;
490 2422 662 2477 Heyne
680 2434 829 2463 comm.
845 2420 895 2461 de
908 2418 1049 2475 Apoll.
1063 2421 1117 2460 111
1127 2435 1138 2471 ;
1159 2419 1209 2461 de
1222 2417 1394 2460 Prodico
1402 2418 1484 2459 Ceo

119 2488 230 2528 Sext.
246 2486 355 2541 Imp.
370 2486 461 2528 adv.
476 2488 535 2527 M.
549 2501 593 2542 p.
605 2488 702 2528 311.

203 2553 264 2610 (²)
293 2553 381 2596 Cic.
395 2551 447 2595 de
462 2562 547 2594 nat.
561 2553 675 2594 deor.
689 2554 758 2594 111.

205 2620 264 2675 (³)
294 2623 380 2665 Str.
394 2622 442 2663 X.
459 2635 504 2677 p.
518 2620 623 2662 mihi
642 2618 739 2664 474.
