1669 2878
149 112 210 157 16
604 124 1053 162 muneramus.

146 240 223 284 cta
246 231 437 284 habere
460 231 661 290 debent,
689 249 856 300 quum
878 235 1106 304 ipsorum
1124 235 1387 288 commoda
1401 238 1516 304 aci·

142 316 305 370 vitatis
322 314 480 366 salute
493 332 598 365 non
614 316 770 383 magis
786 316 953 368 divelli
970 328 1175 385 queant,
1198 319 1353 386 quam
1363 338 1517 371 <mem-

141 399 549 451 brorumxsanitas
565 416 604 453 a„
612 401 838 467 corporis
860 398 1217 455 incolumitate.
1263 401 1337 453 Ut
1349 411 1517 454 autem

144 501 239 533 suo
272 499 483 532 munere
512 480 756 550 fungatur
788 482 1095 553 respublica,
1132 485 1319 535 civium
1351 486 1517 553 quivis

143 563 609 633 certumquoddam
624 564 868 625 officium,
884 585 991 635 quo
1009 568 1071 618 ad
1084 584 1402 619 communem
1416 586 1518 618 om-

140 651 286 698 nium
311 647 579 718 utilitatem
605 646 808 716 aliquid
822 649 1068 710 conferat,
1094 650 1271 703 subeat
1286 661 1334 702 et
1350 660 1511 709 curet,

139 749 339 782 necesse
352 738 451 791 est3
471 729 608 785 unde
624 730 824 784 ordines
841 729 916 782 illi
934 734 1055 784 varii
1069 733 1201 788 bene
1218 733 1515 804 distinguen-

138 815 190 864 di
224 832 524 883 semperque
557 814 776 865 distincti
808 815 1086 884 prodeunt,
1128 835 1351 885 quorum
1381 826 1516 867 unus

140 897 348 968 quidem
372 905 446 948 est
463 915 661 957 eorum,
692 899 802 966 qui,
827 899 1047 960 universi
1075 907 1230 949 status
1256 916 1516 950 conserva-

140 983 267 1033 tioni
285 979 621 1040 consulentes,
651 989 870 1031 rectores
894 981 1002 1031 eius
1026 989 1077 1031 et
1094 980 1344 1032 habentur
1360 990 1411 1033 et
1425 999 1515 1033 vo·

138 1073 336 1124 cantur,
361 1063 488 1115 alter
502 1075 672 1114 autem
690 1082 888 1123 eorum,
916 1066 1007 1132 qui
1025 1063 1335 1116 naturalibus
1351 1067 1514 1135 iisque

136 1148 313 1216 primis
344 1147 475 1197 vitae
507 1146 884 1213 necessitatibus
925 1156 1129 1216 operam
1160 1147 1305 1208 dant,
1350 1167 1515 1216 quum

138 1247 283 1299 agros
300 1227 486 1287 colant,
514 1247 542 1278 e
558 1229 745 1297 quihus
762 1227 1004 1283 alimenta.
1014 1230 1294 1298 capiantur,
1323 1232 1513 1300 quique

137 1312 255 1363 inde
289 1309 536 1380 agricolae
565 1312 892 1361 nominantur
918 1319 969 1360 et
994 1310 1289 1362 dividuntur
1311 1313 1366 1362 in
1391 1312 1513 1364 duas

135 1404 321 1464 partes,
344 1412 565 1462 quarum
580 1393 731 1445 altera
758 1402 832 1444 est
855 1393 960 1462 agri
983 1408 1342 1462 possessorum,
1362 1394 1512 1446 altera

137 1480 244 1546 agri
278 1475 535 1529 cultorum
568 1492 658 1527 seu
690 1478 999 1528 rusticorum
1032 1478 1238 1546 proprie
1263 1478 1332 1528 ita
1358 1477 1512 1530 dicto-

135 1578 270 1619 rum,
310 1567 361 1609 et
387 1559 565 1610 tertius
595 1557 815 1627 denique
840 1559 1003 1610 omnis
1028 1560 1219 1626 generis
1245 1559 1508 1628 opificum3

133 1645 225 1711 qui
243 1642 442 1694 ordines
458 1639 671 1693 salutem
691 1643 903 1692 civitatis
921 1649 973 1692 et
989 1641 1215 1692 condunt
1228 1651 1279 1692 et
1290 1641 1508 1694 firmant:

132 1724 186 1777 id
211 1723 351 1794 quod
378 1726 419 1777 si
447 1742 677 1793 unquam
703 1721 1038 1792 neglexerunt-
1060 1722 1265 1793 populi,
1296 1724 1391 1775 sihi
1416 1726 1511 1795 ipsi

131 1809 402 1877 perniciosi
420 1815 540 1858 sunt
556 1807 695 1857 facti.
742 1806 1098 1873 Civitasjgitur
1113 1823 1345 1874 quaeque
1361 1809 1512 1857 vitam

135 1909 278 1941 suam
293 1887 781 1957 factisjdemonstrat,
809 1887 998 1954 quibus
1020 1885 1194 1937 locum
1217 1886 1436 1956 aliquem
1456 1891 1510 1940 in

68 2007 72 2014 -
132 1973 341 2025 historia
360 1968 631 2028 universali
649 1986 896 2039 occupare
913 1966 1058 2021 solet.
1094 1968 1166 2020 At
1180 1979 1295 2039 post
1314 1981 1510 2041 peracta

132 2057 263 2109 facta
287 2066 338 2107 et
360 2055 463 2107 fata
483 2063 700 2126 pereunt
723 2054 944 2104 civitates
967 2062 1031 2104 ut
1051 2052 1235 2122 singuli
1260 2053 1506 2117 homines,

133 2149 195 2190 ut
219 2139 361 2190 alteri
384 2141 532 2208 eique
556 2140 748 2190 iuniori
772 2135 967 2189 cedant.

666 2287 885 2339 CAPUT
921 2288 981 2338 V.

268 2389 543 2439 Historiam
560 2388 808 2455 cuiusque
823 2383 1002 2455 populi
1023 2387 1179 2436 trium
1194 2386 1509 2454 potissimum

132 2472 459 2543 periodorum
468 2488 560 2546 seu
568 2468 877 2541 epocharum
886 2484 1159 2541 earumque
1168 2467 1509 2520 diversissima-

134 2574 249 2605 rum
267 2557 444 2607 orbem
459 2570 775 2624 percurrere,
802 2553 843 2603 si
861 2561 1046 2603 attente
1064 2547 1421 2612 observaveris,
1440 2552 1508 2602 fa·
1543 2587 1556 2591 .,

136 2635 230 2687 cile
246 2637 490 2697 invenies3
510 2653 729 2706 quarum
745 2652 847 2686 una
861 2636 1149 2686 continetur
1164 2635 1318 2685 initiis
1334 2636 1509 2704 primis>
