1669 2878
149 122 215 171 ,46
610 135 788 169 maen
823 136 1060 170 Pnnms.
1124 126 1130 129 ’

150 243 259 309 bria
271 244 593 311 praesentiae,
615 251 674 291 ut
691 242 875 293 debent
895 243 985 311 (¹),
1013 242 1135 310 quid
1168 243 1223 291 in
1240 244 1306 293 iis'
1321 252 1519 302 verum,

151 325 447 394 optandum,
479 324 794 386 imitandum,
834 326 957 396 quid
984 334 1156 376 contra
1184 324 1387 386 falsum,
1415 346 1522 398 per-

150 410 419 468 niciosum,
457 407 809 477 negligendum
843 412 923 469 sit,
964 407 1221 477 diligenter
1247 412 1524 460 examinan-

151 493 275 543 dum
303 512 405 543 esse
432 492 646 542 videtur.

286 576 515 630 Gravitas
561 583 812 645 praeterea
847 574 1188 646 philosophiae
1222 584 1406 645 quanta
1440 577 1519 636 sit,
1598 616 1604 624 .

148 677 253 708 non
272 668 345 707 est
360 659 499 726 quod
517 658 749 727 pluribus
768 659 1109 719 ostendamus3
1133 662 1377 718 „minime
1389 661 1523 709 enim

147 740 280 809 fugit
298 750 363 800 te,
383 743 452 791 ait
466 741 729 808 Cicer0(2)
753 739 1066 803 laudatarum
1091 744 1273 792 artium
1298 743 1525 793 omnium

149 826 533 893 procreatricem
564 825 817 892 quandam
850 836 899 879 et
933 827 1074 893 quasi
1106 836 1363 894 parentem
1393 844 1520 885 eam,

151 927 305 976 quam
322 907 506 958 Graeci
526 905 788 973 φιλοσοφίαν
812 916 1010 965 vocant,
1038 907 1412 957 abhominibus
1435 908 1525 957 do-

152 992 377 1039 ctissimis
395 990 629 1038 iudicari:
653 991 705 1037 in
725 1007 825 1056 qua
837 987 1029 1037 difficile
1043 997 1117 1037 est
1131 1005 1376 1047 enarrare,
1397 998 1525 1057 quot
1588 1044 1592 1047 ,

148 1073 274 1131 viri„
285 1081 470 1140 quanta
496 1072 699 1122 scientia
726 1082 1013 1140 quantaque
1036 1072 1091 1121 in
1114 1072 1215 1122 suis
1238 1071 1424 1122 studiis.
1438 1091 1524 1121 va-

148 1157 322 1204 rietate
347 1163 397 1204 et
424 1155 567 1222 copia
590 1153 800 1213 fuerint,
831 1156 922 1223 qui
947 1173 1052 1205 non
1076 1173 1176 1204 una
1201 1154 1366 1223 albiua
1390 1157 1444 1204 in
1467 1173 1524 1204 re

150 1238 415 1306 separatim
444 1236 744 1288 elaborarint
774 1237 858 1287 sed
886 1239 1052 1287 omnia
1083 1245 1416 1306 quaecunque
1449 1256 1524 1288 es·

152 1330 280 1380 sent,
317 1319 400 1370 vel
432 1322 664 1371 scientiae
698 1321 1108 1388 pervestigatione
1142 1320 1225 1370 vel
1258 1320 1524 1370 disserendi

150 1406 343 1452 ratione
368 1401 899 1471 comprehenderint.”
925 1432 977 1440 —
1017 1403 1153 1452 Haec
1171 1421 1286 1452 sane
1303 1401 1525 1471 philoso-

151 1484 298 1554 phiae
316 1486 526 1553 gravitas
549 1494 701 1553 atque
719 1484 925 1552 dignitas
942 1502 1046 1535 non
1063 1504 1243 1554 parum
1260 1487 1459 1535 iuvatur
1477 1494 1526 1535 et

150 1577 360 1636 augetur
376 1569 606 1617 affinitate
624 1569 781 1636 ipsius
801 1576 850 1617 et
867 1586 1004 1617 nexu
1029 1586 1145 1618 cum
1170 1569 1343 1618 ceteris
1367 1585 1524 1637 paene

150 1644 385 1702 omnibus
408 1649 697 1719 disciplinis.
734 1650 808 1700 Ac
833 1644 1054 1720 primum
1078 1650 1281 1719 quidem
1302 1650 1524 1720 philoso-

148 1733 267 1802 phia
281 1751 385 1784 non
401 1734 595 1801 ubique
611 1751 776 1801 neque
800 1742 986 1783 temere
1010 1735 1173 1791 oritur
1196 1733 1280 1783 sed
1303 1733 1523 1801 plerum-

151 1835 269 1883 que,
296 1817 388 1866 uhi
411 1805 679 1867 hominum
703 1818 891 1867 animos
916 1815 1113 1866 cultura
1129 1815 1297 1883 aliqua
1323 1833 1523 1883 capaces

151 1906 316 1948 tantae
351 1893 639 1967 disciplinae
673 1897 912 1955 reddidit,
950 1883 1163 1947 maxime
1196 1914 1317 1947 vero
1350 1899 1403 1946 in
1438 1897 1523 1947 tali

151 1983 374 2040 civitate,
411 1983 554 2030 cuius
584 1980 830 2039 conditio,
862 1980 928 2029 oh
955 1979 1248 2048 labefactam
1273 1982 1523 2048 magistra-

149 2073 297 2114 tuum
321 2065 592 2116 castitatem
618 2073 667 2113 et
692 2064 1020 2132 integritatem
1044 2081 1124 2122 ac,
1158 2062 1354 2128 labente
1377 2063 1521 2114 disci-

150 2145 306 2214 plina,
326 2146 686 2214 plerorumque
704 2148 1161 2215 civiumcorruptos
1172 2164 1333 2196 mores
1345 2156 1523 2196 ortam-

151 2247 252 2298 que
275 2228 392 2280 inde
416 2231 642 2280 omnium
666 2248 837 2280 rerum
861 2230 1304 2299 perturbationem,
1333 2230 1522 2281 satisfa-

150 2313 517 2380 cereingenuis
548 2324 838 2382 ceterosque
868 2314 1082 2363 nimium
1106 2322 1353 2383 quantum
1377 2330 1519 2381 prae·

150 2396 392 2446 stantibus
416 2397 535 2450 viris
560 2415 744 2464 eosque
768 2396 832 2445 ad
856 2397 1199 2465 capessendam
1223 2415 1330 2446 rem
1350 2394 1519 2465 publi-

166 2560 168 2562 >
230 2526 287 2583 (¹)
318 2525 501 2577 „Omnia
525 2526 636 2568 enim
659 2522 942 2583 philosophiae
965 2536 1177 2584 praecepta
1199 2526 1406 2570 referenda
1423 2534 1517 2567 sunt

150 2592 200 2634 ad
216 2594 377 2635 vitam’'.
404 2594 494 2636 Cic.
508 2594 663 2637 «leuat.
677 2595 790 2637 deor.
806 2596 844 2645 Ι,
859 2597 903 2637 3.

235 2659 293 2713 (²)
323 2661 409 2702 Cic.
425 2661 477 2701 de
490 2662 609 2703 Orat.
625 2664 659 2712 1,
687 2664 744 2702 cf.
760 2662 810 2703 de
828 2663 946 2703 finib.
962 2664 1017 2702 IV
1036 2663 1112 2703 sub
1131 2663 1204 2703 fin.
