1669 2878
565 88 711 124 rao-11
721 90 1025 140 neonus.
1415 78 1477 126 43

120 201 289 252 sertim
316 199 483 266 ‘quum
514 196 645 247 nihil
676 198 881 251 omnino
907 198 971 247 ab
997 198 1230 249 omnibus
1254 199 1480 268 pai-'tibiis

118 280 399 352 perfectum
420 279 571 350 atque
594 277 880 330 absolutum
905 298 1007 331 esse
1024 288 1200 348 queat3
1224 281 1383 335 donee
1407 302 1481 334 re·

120 366 360 415 centiores
384 383 488 414 non
512 366 617 414 sine
634 380 826 412 summa
842 367 1159 414 contentione
1173 362 1362 431 aliq-uid
1379 385 1479 416 cer—

117 449 216 499 tius
238 443 288 498 et
305 449 629 516 praestantius
654 455 704 496 et
726 446 863 514 quod
887 449 1057 498 innato
1082 447 1228 498 nobis
1252 449 1480 499 scientiae

117 532 273 581 amori
289 530 361 598 (¹)
385 527 664 579 satisfacere
688 528 838 598 magis
865 528 1104 587 videatur,
1133 547 1312 580 eru-ere
1330 530 1482 599 atque

118 621 734 680 cognoscere-potuerunt.
790 613 1008 663 Varietas
1036 614 1205 681 itaque
1233 616 1483 663 rationum

116 692 578 762 philosophicarum
613 713 699 745 seu
733 692 1032 764 placitorum
1065 694 1484 765 philosophorum

117 776 229 825 ideo
251 777 306 823 in
332 778 572 825 unitatem
600 777 861 843 redigenda
886 788 934 826 et
956 778 1058 826 una
1080 777 1185 828 fere
1213 779 1484 846 eademque

116 857 434 928 philosophia
452 858 667 928 putanda
682 868 772 919 est3
793 859 1032 927 quoniam
1045 858 1349 927 philosophi,
1370 859 1486 911 licet

117 943 329 990 maxime
361 941 691 1002 dissentirent,
732 951 947 991 attamen
981 941 1155 991 studiis
1189 944 1290 991 suis
1322 961 1486 992 unum

105 1024 314 1092 semper
340 1032 390 1073 et
416 1024 565 1081 idem,
596 1026 883 1093 sapientiam
904 1024 1034 1083 dico,
1064 1029 1301 1092 quaerere
1326 1034 1484 1075 tenta·

117 1105 256 1155 hant.
311 1106 495 1156 Omnia
528 1124 644 1156 sane
669 1106 848 1177 placita
872 1125 986 1157 vere
1018 1105 1365 1175 philosophica
1392 1125 1484 1158 suo

124 1197 344 1255 tempore
358 1197 407 1237 et
415 1188 640 1256 proficua
651 1197 791 1237 erant
803 1197 852 1237 et
864 1191 1135 1238 necessaria
1148 1210 1160 1246 ;
1178 1188 1261 1237 sed
1276 1199 1489 1258 systema

122 1270 376 1338 quoddam
394 1280 537 1321 vetus
556 1269 702 1320 hodie
719 1277 977 1328 renovare,
1006 1271 1209 1331 minime
1228 1282 1352 1321 esset
1367 1289 1488 1321 con-

122 1359 425 1411 sentaneum‚
438 1354 678 1421 quoniam
692 1359 742 1401 'et
751 1351 916 1401 virum
928 1352 1153 1414 adultum
1164 1356 1216 1402 in
1228 1356 1489 1422 pueritiam

122 1455 295 1487 rursus
314 1436 607 1488 descendere
625 1435 844 1486 dedecet.

602 1585 823 1638 CAPUT
856 1558 1015 1635 ΧΙΠᾼ

258 1684 402 1747 Quae
426 1684 578 1750 igitur
594 1700 623 1732 e
638 1682 1054 1752 philosophorum
1074 1683 1397 1752 discrepantia
1411 1702 1489 1733 re-v

123 1767 313 1835 petitur
345 1767 587 1816 dubitatio
622 1767 682 1815 de
716 1767 901 1816 virtute
935 1764 1279 1835 philosophiae
1319 1764 1492 1816 rerum

122 1850 513 1917 indagandarum
534 1868 703 1899 veram
726 1847 946 1899 indolem
970 1849 1317 1916 cognoscendi,
1345 1868 1494 1899 accu-

124 1933 280 1981 ratius
298 1934 570 1981 examinata
588 1940 843 1999 evanescat
866 1948 1062 1980 necesse
1086 1940 1175 1988 est,
1204 1950 1365 1999 quum
1389 1949 1494 1981 cre-

127 2015 226 2063 dita
261 2016 351 2064 ista
384 2017 707 2084 discrepantia
740 2014 852 2064 ficta
886 2014 993 2063 fere
1026 2016 1088 2064 sit
1121 2023 1170 2063 et
1204 2033 1265 2063 ex
1301 2017 1495 2082 inscitia

127 2106 215 2146 aut
249 2099 566 2166 ingeniorum
601 2115 755 2165 pravo
789 2097 1018 2146 acumine
1058 2105 1185 2147 orta.
1232 2094 1299 2145 At
1340 2097 1495 2147 maio·

128 2180 196 2228 ris
220 2182 460 2228 momenti
483 2181 832 2249 dignioresque
856 2198 985 2248 quae
1004 2190 1054 2228 et
1078 2180 1420 2248 ponderentur
1447 2189 1496 2228 et

128 2262 500 2331 perpendantur
526 2273 643 2313 sunt
666 2264 1064 2332 impugnationes
1089 2264 1363 2312 recentium
1391 2277 1495 2309 em·-

128 2347 426 2415 piricorum,
458 2364 678 2415 quorum
705 2345 892 2416 duplex
918 2354 993 2396 est
1016 2362 1188 2413 genus,
1220 2355 1268 2394 et
1284 2342 1499 2393 alterum

129 2429 334 2498 quidem
353 2447 381 2479 e
393 2430 678 2490 criticismo,
700 2448 852 2498 quem
869 2437 1066 2487 vocant,
1088 2430 1151 2478 ab
1167 2423 1500 2478 illustrissimo

218 2542 277 2598 (¹)
305 2537 450 2587 Πάντες
466 2540 541 2600 «γὰρ
554 2537 749 2600 ἅνθρωποι
762 2546 832 2583 τοῦ
843 2538 973 2584 εἰδέναι
988 2536 1177 2599 ὄρέιγονται
1192 2535 1320 2593 φύσει.
1335 2541 1502 2583 Aristot-

134 2608 367 2665 Metaph.1,
378 2612 418 2652 1.
436 2610 524 2652 Cic.
538 2610 589 2652 de
603 2611 676 2651 fin.
690 2611 767 2661 IV,
784 2612 825 2652 7.
