1669 2878
568 99 1024 134 PRO-nncounnA.
1412 86 1474 133 45

114 206 439 268 scribendam,
469 208 708 276 quoniam
724 208 823 274 'qui
851 205 1293 276 ipse‘phi'losophia
1320 209 1470 266 caret,

114 302 207 340 nec
223 290 495 359 intelligere
514 293 626 341 satis
649 288 971 359 philosophos
988 308 1082 340 nec
1100 287 1276 359 placita
1297 310 1474 342 eorum
1547 284 1550 287 ⁸

112 374 240 424 bene
269 375 461 425 tradere
488 382 671 442 potest.
726 373 791 421 Et
818 371 994 423 verum
1022 382 1083 422 ut
1110 372 1284 429 fatear,
1316 376 1473 424 inanis

112 457 234 513 mihi
251 460 447 509 videtur
464 454 671 524 gloriola
689 457 989 525 scriptorum
1006 455 1239 506 historiae
1255 454 1475 524 philoso-

111 541 256 612 phiae
274 544 380 600 ista,
394 557 546 608 quam
560 557 677 608 prae
695 556 746 589 se
762 539 948 600 ferunt,
962 540 1252 589 animum'sc
1269 541 1321 588 in
1333 557 1474 588 enar-

109 625 273 673 randis
308 624 455 672 variis
487 622 903 691 philosophorum
937 624 1211 685 rationibus
1243 623 1306 671 ab
1337 624 1474 672 omni

107 708 325 775 partium
357 704 520 755 studio
554 704 770 764 alienum
802 706 1115 774 eundemque
1149 723 1367 774 aequum
1393 707 1474 754 iu-

108 796 341 857 stumque
363 796 593 846 ‘servare3
632 788 722 854 qui
756 790 889 835 enim
918 791 1075 855 possit
1101 787 1279 857 aliquis
1307 787 1473 856 philo-

107 870 249 939 sophi
268 869 356 920 aut
381 871 601 921 historici
627 888 811 919 nomen
836 870 929 919 sibi
954 870 1222 927 vindicare,
1249 869 1347 920 illis
1375 872 1474 919 vir-

107 953 299 1004 tutibus
320 952 615 1004 destitutus?
649 951 826 1016 Quum
841 954 1031 1002 veroin
1050 951 1253 1024 historia
1270 951 1474 1022 politica

107 1036 449 1106 componenda
465 1035 547 1084 illa
565 1044 821 1104 tantopere
838 1035 1031 1085 laudata
1048 1051 1141 1085 nec
1156 1045 1322 1086 tamen
1342 1036 1471 1086 bene

105 1119 350 1173 intellecta
362 1118 680 1188 aequabilitas
693 1137 780 1169 seu
794 1120 961 1188 potius
976 1118 1318 1178 indifferentia,
1340 1137 1471 1188 quae
1518 1172 1520 1174 ,

106 1205 210 1252 sine
236 1204 308 1251 ira
338 1211 387 1252 et
418 1202 581 1251 studio
616 1218 695 1250 res
729 1209 883 1268 gestas
919 1202 1180 1259 describat,
1219 1201 1331 1250 ideo
1365 1220 1469 1252 non

107 1288 312 1335 omnino
328 1284 530 1353 probari
548 1286 722 1352 possit,
743 1283 880 1351 quod
892 1283 1145 1334 bonorum
1162 1283 1483 1335 etmalorum.

103 1367 386 1417 facinorum
409 1385 512 1417 non
536 1366 706 1416 eadem
736 1365 809 1415 est
838 1365 1059 1416 conditio
1089 1384 1255 1434 neque
1284 1366 1469 1417 idcirco

103 1451 271 1500 eadem
290 1453 498 1502 omnino
512 1452 701 1500 ratione
726 1450 979 1518 scriptoris
1005 1450 1226 1499 animum
1252 1452 1469 1502 afficiunt

101 1551 195 1582 nec
220 1535 408 1583 afficere
431 1533 629 1591 debent,
666 1551 783 1582 cum
809 1542 981 1583 contra
1007 1534 1225 1601 optimus
1253 1536 1468 1601 quisque

101 1616 220 1665 boni
240 1617 302 1665 sit
319 1616 699 1666 studiosissimus
719 1616 931 1684 ideoque
949 1633 1171 1665 summus
1182 1617 1286 1665 eius
1305 1614 1469 1665 lauda-

101 1708 182 1749 tor
199 1708 248 1748 et
264 1698 551 1749 cohortator
562 1719 575 1758 ;
601 1698 652 1746 id
671 1685 817 1766 quod
831 1700 883 1746 in
908 1700 1344 1767 praestantissimos
1362 1717 1466 1749 om-

100 1800 188 1831 nes
206 1784 508 1849 antiquitatis
520 1781 803 1853 historicos,
830 1791 891 1831 ut
908 1790 1099 1831 constat
1115 1781 1249 1849 apud
1273 1801 1465 1842 omnes,

103 1864 230 1914 cadit
255 1863 352 1932 (¹):
402 1873 512 1914 tum
556 1882 673 1914 nec⁴
696 1864 902 1915 historia
944 1861 1287 1933 philosophiae
1331 1867 1469 1915 omni

102 1948 354 2016 scriptoris
387 1965 538 2017 super
568 1948 843 1997 rationibus
878 1946 1064 1997 iudicio
1100 1965 1265 1997 carere
1300 1948 1463 2007 debet,

101 2032 340 2098 quoniam
372 2031 507 2080 nuda
548 2032 791 2079 enarratio
806 2061 820 2088 ,-
867 2031 1003 2080 omni
1045 2028 1374 2080 illustratione
1408 2050 1466 2081 ac

100 2112 430 2181 disputatione
457 2113 705 2171 destituta,
736 2113 957 2181 primum
982 2111 1172 2162 inutilis
1197 2112 1322 2172 fere,
1352 2113 1466 2163 dein

100 2197 205 2246 eius
232 2195 382 2246 modo
410 2213 512 2245 esse
536 2194 758 2255 videtur,
793 2196 936 2246 cuius
964 2197 1241 2265 ingenium,
1271 2198 1340 2246 rei
1367 2206 1463 2245 tra-

100 2279 302 2329 ctandae
325 2281 506 2348 impar,
535 2273 688 2348 quain
710 2278 945 2330 facillime
967 2298 1174 2330 munere
1200 2297 1291 2328 suo
1316 2278 1460 2346 fungi

99 2363 288 2421 studet3
315 2379 531 2431 namque
554 2364 593 2412 si
618 2364 880 2431 praeterita
901 2364 992 2412 ista
1015 2362 1196 2410 debent
1213 2378 1315 2410 esse
1330 2360 1463 2410 salu-

182 2489 248 2547 (¹)
272 2490 333 2531 Cf.
349 2485 628 2546 gravissimum
643 2499 686 2531 et
703 2490 978 2532 acutissimum
996 2493 1112 2544 A‘ug.
1127 2489 1335 2530 Bockhii
1353 2491 1463 2541 V-C.

100 2557 149 2598 de
166 2559 427 2614 Theopompo
444 2558 645 2600 iudicium
664 2557 709 2599 in
726 2557 853 2599 libi-02
866 2555 1214 2607 -Staatslz.1'‚316.
