1669 2878
126 86 189 129 30
596 63 771 128 min
807 96 1041 131 enixus,

126 212 333 262 certare,
361 221 457 255 nee
480 206 646 273 ipsum
663 219 717 252 se
731 220 1003 253 numerum
1017 201 1169 254 modo
1187 202 1392 257 reddere
1408 217 1498 254 cu·-

124 289 285 355 piens.
318 285 720 337 Pulcherrimum
739 286 893 353 igitur
909 283 1034 335 illud
1050 283 1349 338 Anacharsis
1366 286 1498 357 apud

122 368 568 435 Plutarchum(¹):
605 362 796 426 Λέγουσι
828 365 902 438 μὲν
936 370 989 417 οἱ·
1006 364 1138 433 σοφοὶ
1162 369 1275 439 παρ’
1295 361 1498 427 Ἕλλησι,

127 448 315 524 κρίνουσι
338 448 382 500 δὲ
404 454 443 498 οἱ
464 448 670 510 ἅμωὸεῒς.
704 450 899 514 Quodsi
922 450 1043 502 baec
1067 450 1331 501 nobiscum
1354 468 1499 519 repu-

125 544 304 592 tamus,
334 551 439 584 non
463 542 564 583 tam
586 531 885 592 libertatem,
912 532 1052 603 quod
1068 542 1142 585 est
1155 552 1410 585 summum
1426 535 1497 585 ci-

122 619 195 665 vis
215 615 462 683 cujusque
479 616 698 674 bonum,
710 615 843 683 apud
869 615 982 668 illos
1000 616 1236 669 Graeciae
1258 615 1494 685 populos,

120 698 448 749 Athenienses
464 699 697 757 maxime,
726 697 1020 758 obtinuisse,
1050 718 1204 768 quam
1225 698 1494 758 licentiam,

120 799 223 847 qua
239 781 446 848 quidem
458 780 727 831 deteriores
739 798 912 832 omnes
922 780 1144 848 fiant(²),
1165 799 1328 848 quum
1344 783 1500 849 quod·

123 881 328 932 cunque
345 862 576 914 inciderit
592 864 645 914 in
663 871 882 913 mentem
907 864 1110 931 exsequi
1131 861 1304 923 velint,
1331 882 1499 933 neque

121 946 173 994 id
191 946 518 1014 perpendant,
545 962 823 1014 pravumne
845 961 908 994 an
928 953 1126 996 rectum
1141 946 1224 1004 sit,
1255 946 1394 1014 quod
1410 964 1497 1015 pe·

121 1038 243 1086 tant,
279 1029 395 1077 satis
429 1044 683 1095 superque
717 1034 922 1095 apparet
933 1047 947 1086 ;
983 1025 1035 1077 id
1067 1027 1207 1095 quod
1240 1026 1493 1096 pluribus,

119 1110 181 1159 de
198 1109 386 1178 quibus
411 1111 682 1169 memoriae
708 1108 967 1177 proditum
991 1118 1083 1168 est,
1113 1109 1351 1180 exemplis
1377 1130 1496 1181 pro·

117 1193 229 1242 bari
254 1193 429 1261 possit,
460 1210 681 1260 quorum
706 1193 1050 1259 gravissimum
1073 1201 1230 1244 exstat
1246 1193 1381 1262 apud
1397 1195 1497 1245 Xe-

119 1273 537 1344 nophontem(³).
558 1304 612 1315 -·
636 1274 873 1324 Attamen
890 1293 955 1326 ne
966 1275 1172 1327 Graecis
1190 1275 1395 1344 quidem
1411 1276 1495 1328 illa

119 1358 182 1407 de
212 1359 422 1409 summis
451 1356 604 1407 rebus
633 1356 963 1425 exsequendis
990 1356 1249 1426 plebiscita
1274 1361 1495 1412 sufficere

119 1440 447 1500 videbantur,
483 1439 619 1489 haud
655 1439 864 1491 fortasse
896 1441 1078 1507 ignaris
1093 1477 1107 1499 ,
1143 1439 1399 1509 vulgarem
1431 1445 1495 1494 ci·-

116 1527 287 1584 vium,
326 1524 517 1574 etiamsi
548 1523 736 1591 patriae
770 1520 918 1573 saluti
951 1524 1163 1575 maxime
1196 1522 1490 1584 faventium,

113 1607 434 1677 prudentiam
449 1608 690 1675 imparem
709 1622 812 1655 esse
829 1614 966 1657 tanto
991 1604 1295 1675 reipublicae
1319 1607 1495 1675 guber-

112 1690 304 1741 nandae
328 1691 553 1749 muneri3
592 1707 748 1756 quare
772 1688 834 1737 ad
861 1687 1101 1756 majorem
1125 1688 1345 1757 aliquem
1370 1691 1496 1741 arbi-

113 1783 270 1839 trum,
299 1774 465 1841 ipsum
489 1769 680 1822 scilieet
704 1771 890 1830 Deum,
926 1771 1305 1839 provocandum
1330 1784 1494 1823 cense-

114 1856 255 1912 bant,
279 1856 477 1921 quoties
493 1852 699 1920 quidem
717 1852 1114 1921 gravius'aliquid
1121 1852 1376 1919 agebatur,
1389 1856 1493 1907 sive

115 1955 279 2006 quum
295 1934 489 1986 bellum
513 1933 888 2002 suscipiendum
914 1932 994 1984 vel
1024 1952 1122 2009 pax
1149 1936 1491 2004 componenda

111 2019 193 2071 vel
206 2018 377 2071 coloni
396 2017 674 2068 deducendi
694 2015 773 2067 vel
789 2015 921 2084 leges
937 2035 1098 2068 novae
1119 2019 1492 2071 constituendae

114 2114 292 2153 essent.
349 2102 720 2165 „Athenienses
763 2088 1015 2152 omnibus¹
1036 2118 1235 2170 semper
1268 2098 1490 2170 ‘publicis

113 2182 333 2236 consiliis
349 2184 543 2234 divinos
568 2182 814 2252 quosdam
840 2181 1132 2244 sacerdotes,
1161 2201 1291 2254 quos
1317 2178 1491 2246 μάντεις

111 2276 312 2326 vocant,
332 2266 691 2316 adhibuerunt:
712 2276 764 2316 et
773 2266 1149 2318 Lacedaemonii
1166 2269 1369 2333 regibus
1387 2271 1489 2319 suis

110 2368 355 2419 augurem
387 2366 679 2400 assessorem
711 2348 985 2409 dederunt,
1031 2351 1253 2418 itemque
1287 2348 1488 2402 senibus

192 2479 256 2537 (¹)
283 2478 400 2523 Pluz.
413 2478 463 2522 in
473 2478 627 2523 Solone
642 2480 712 2523 lv.

193 2548 257 2602 (²)
284 2550 450 2590 Terent.
464 2549 614 2589 Haut.
628 2548 724 2589 Act.
740 2548 811 2597 111,
824 2547 893 2589 sc.
901 2548 938 2599 1,
949 2547 1019 2592 74.

197 2612 252 2667 (³)
279 2615 466 2670 Xenoph.
481 2615 712 2657 Memorab-
726 2615 761 2666 1,
778 2615 818 2665 1,
831 2615 900 2657 18„
