1669 2878
153 61 218 107 26
614 74 790 119 mann
828 75 1066 109 rmum.

149 179 443 230 venerandis
469 190 676 231 naturae
699 181 913 243 viribus,
941 198 1064 250 quas
1083 182 1214 250 ipsas¹
1226 198 1320 249 per
1335 199 1388 233 se
1403 180 1522 233 deos

147 279 251 310 esse
276 272 553 321 censerent,
581 273 971 330 perseverarent,
998 279 1277 331 quumque,
1305 264 1356 312 id
1383 264 1520 333 quod

145 345 198 392 in
226 344 502 416 Aegyptios
528 346 796 414 praecipue
822 347 977 405 cadit,
1008 344 1231 395 animum
1262 353 1313 394 et
1339 364 1520 415 corpus

144 436 236 477 aut
251 438 481 479 naturam·
495 436 545 477 et
561 436 779 477 mentem
795 438 929 480 recte
947 427 1223 497 disjungere
1232 430 1517 496 nequirent;

145 511 286 579 quod
303 513 398 561 nisi
416 510 610 570 fuisset,
629 528 734 560 non
752 519 854 561 tam
872 530 951 563 res
967 510 1214 562 naturales
1225 519 1357 561 certe
1367 530 1519 579 quam

144 594 340 641 insitam
357 594 418 643 iis
436 602 654 643 mentem
674 591 1143 662 coluissent„quum
1161 590 1273 644 illae
1283 612 1372 663 per
1381 612 1432 644 se
1442 612 1521 643 ve·

141 677 397 737 neratione
415 674 553 725 nulla
570 675 746 744 dignae
756 675 914 730 videri
926 678 1135 746 possint:
1156 677 1336 729 Graeci
1348 686 1520 728 contra

141 759 291 825 primi
310 757 617 818 intellexere,
637 760 806 809 Deum
825 778 940 810 vere
959 778 1063 811 esse
1077 769 1296 809 mentem
1312 778 1520 827 eamque

141 856 249 889 non
275 858 395 893 cum
416 851 594 891 natura
617 840 878 892 confusam
899 841 983 892 sed
1001 841 1129 891 hanc
1145 843 1301 910 i‘psam
1318 841 1519 892 subiici·
1569 894 1571 898 ,

141 932 308 973 entem
331 927 389 972 ac
415 934 691 993 regentem3
720 942 876 991 quare
900 923 1269 992 pantheismum
1291 923 1515 991 quidem,

140 1014 199 1054 ut
219 1004 300 1054 tali
318 1006 475 1056 verbo
493 1016 620 1064 utar,
638 1006 950 1059 Graecorum
966 1004 1258 1073 religionem
1274 1017 1409 1056 recte
1424 1023 1517 1057 no-

140 1087 405 1140 minaveris
415 1087 500 1138 sed
511 1088 728 1138 eundem
746 1090 1018 1157 sapientem
1035 1099 1083 1138 et
1098 1087 1405 1147 rationalem,
1428 1090 1517 1157 qui

140 1170 377 1220 omnibus
396 1171 600 1238 quidem
617 1171 768 1225 rebus
785 1170 1096 1221 naturalibus
1112 1170 1418 1221 divinitatem
1435 1171 1517 1221 ali-

141 1270 295 1319 quam
313 1253 490 1312 inesse,
516 1253 601 1303 sed
618 1254 745 1322 ipsas
763 1270 854 1321 per
872 1271 923 1303 se
941 1252 1216 1303 divinitates
1234 1252 1395 1303 nullas
1414 1271 1517 1316 esse

140 1337 473 1385 constituerit.
501 1365 555 1374 -
597 1334 958 1403 Cogitabantur
980 1354 1134 1404 porro
1158 1336 1223 1383 dii
1247 1337 1340 1385 sub
1361 1336 1518 1404 figura

139 1416 378 1477 humana,
410 1437 510 1487 qua
536 1416 802 1487 pulchrior
828 1417 967 1468 nulla
994 1436 1058 1468 ne
1085 1420 1287 1487 cogitari
1312 1418 1515 1487 quidem

138 1509 329 1568 potest;
360 1501 413 1550 id
439 1501 596 1569 quod,
626 1519 789 1570 quum
813 1501 1025 1551 artifices
1052 1502 1105 1549 in
1132 1500 1372 1569 fingendis
1398 1500 1519 1552 deo-

137 1602 254 1632 rum
271 1582 550 1634 simulacris
568 1602 769 1635 omnem
787 1592 1137 1635 consumerent
1148 1602 1368 1652 operam,
1391 1583 1516 1634 mul-

135 1675 247 1715 tum
265 1666 326 1715 ad
342 1666 675 1736 perficiendas·
686 1676 813 1717 artes
830 1666 1005 1725 valuit,
1026 1665 1143 1717 licet
1159 1667 1225 1716 ob
1244 1665 1400 1727 illam,
1414 1686 1515 1735 qua

136 1748 347 1810 deorum
374 1749 556 1816 figuras
581 1749 741 1800 oculis
764 1767 1049 1817 proponere
1074 1748 1334 1807 auderent,
1363 1751 1516 1798 ratio-

138 1849 255 1880 nem
281 1831 475 1881 Graeci.
495 1849 601 1882 non
627 1851 655 1880 a
682 1831 1053 1888 recentioribus
1073 1828 1334 1881 modosed
1362 1831 1461 1881 iam
1485 1818 1516 1881 a*

133 1915 309 1982 priscis
336 1912 660 1963 multifariam
691 1913 977 1983 reprehensi
1012 1913 1134 1971 sint3
1173 1914 1316 1963 cuius
1344 1932 1513 1983 repre-

131 1997 384 2048 hensionis
422 1993 771 2065 gravissimum
804 1995 1307 2065 pulcherrimumque
1347 2015 1512 2048 exem-

131 2078 529 2147 ‘plumexhibent
543 2078 864 2149 Empedoclis
875 2078 1187 2147 Agrigentini
1204 2080 1375 2130 ver'sus
1388 2098 1518 2132 ιιοιι-Ι

134 2159 264 2210 nulli
282 2160 374 2227 (¹),
405 2179 532 2230 quos
558 2171 617 2234 ut
640 2161 860 2232 reliquos
887 2180 1059 2212 omnes
1084 2162 1137 2212 in
1160 2160 1254 2212 hac
1283 2161 1507 2214 disserta-

131 2246 269 2294 tione
293 2245 485 2303 citatos,
516 2262 625 2294 mea
641 2244 983 2313 qualicunque
1000 2244 1265 2296 vernacula
1282 2248 1510 2297 versione

132 2328 446 2397 interpretari
465 2328 709 2379 conabor:

215 2462 272 2519 (¹)
301 2461 458 2505 Servati
474 2471 572 2504 sunt
589 2462 634 2503 hi
650 2476 788 2505 versus
799 2462 851 2504 ab
864 2464 1087 2505 Ammonio
1103 2461 1153 2504 ad
1167 2462 1340 2506 Aristot.
1359 2456 1439 2519 περὶ
1452 2462 1506 2519 ἑρ-

134 2527 280 2651 πείύζῖ
295 2529 459 2650 &1554-
468 2545 507 2572 a.
531 2527 708 2578 offlam.
723 2531 870 2573 Venet.
888 2530 992 2575 1503
1013 2538 1056 2573 et
1071 2545 1096 2573 a
1111 2530 1317 2586 Stephano
1332 2529 1378 2572 in
1393 2542 1504 2585 pnes.
