1669 2878
168 113 231 156 28
624 122 802 156 mnan
836 118 1072 157 munus.

669 227 892 282 CAPUT
925 231 1022 281 IX.

296 311 483 382 Magna
500 313 629 374 inter
644 309 884 364 barbaros
896 312 1115 364 Orientis
1133 321 1181 361 et
1195 312 1286 380 qui
1298 311 1535 364 Occiden-

162 398 225 446 tis
241 395 545 446 felicissimas
564 395 789 462 regiones
808 411 1113 464 occupavere
1126 393 1346 444 Graecos
1363 394 1535 446 discre-

158 481 328 548 pantia
354 496 515 547 quum
538 477 816 527 innumeris
840 476 950 529 aliis
974 488 1083 528 tum
1108 478 1321 527 maxime
1346 476 1532 527 forma-

157 580 273 611 rum
300 559 618 630 politicarum
643 559 924 610 diversitate
950 560 1140 634 ostendi
1163 568 1342 631 potest,
1371 578 1532 629 quum

156 643 292 711 apud·
314 642 427 693 illos
445 643 650 711 quidem
667 643 896 702 servitus,
916 643 1001 693 hic
1020 656 1190 712 eontra
1206 644 1405 694 libertas
1423 661 1530 692 om-

156 727 301 775 nium
330 742 506 776 norma
536 720 687 794 atque
715 724 889 793 regula
922 725 1249 794 regendarum
1277 727 1531 776 civitatum

153 807 327 857 suerit.
359 807 586 857 Libertas
602 817 770 878 autem
787 810 974 857 civium
991 808 1115 876 quid
1137 811 1217 867 sit,
1238 808 1528 859 Aristoteles

151 907 245 939 nos
261 889 340 942 his
351 888 542 941 edocet:
566 928 580 951 ,
588 881 675 950 ΪΕν
688 878 844 951 μὲν“οὖν
858 890 932 947 τῆς
944 887 1193 962 ἐλευθερίας
1203 894 1373 951 σημεῖον
1387 891 1528 946 τοῦτο,

153 966 218 1022 ὅτι
234 970 434 1021 τίθενται
451 967 611 1024 πάντες
629 976 666 1020 οἱ
680 969 895 1033 δημοτικοὶ
910 973 985 1030 τῆς
1003 969 1220 1031 πολιτείας
1237 965 1343 1045 ὅρον,
1359 967 1400 1022 ἓν
1418 970 1462 1022 ἃ
1477 970 1526 1023 τὸ

149 1053 223 1118 ζῇν
252 1055 309 1105 ὥς
329 1047 553 1111 βούλεταί
568 1074 652 1106 τις·
676 1055 802 1105 τοῦτο
827 1051 913 1128 γὰρ
932 1049 1007 1114 τῆξ
1022 1051 1273 1128 ἐλευθερίας
1287 1049 1410 1128 ἔργον
1427 1053 1534 1105 εῗῖιαῖ

148 1149 301 1201 φασιν,
327 1133 444 1208 εἴπερ
467 1138 543 1186 τοῦ
568 1131 720 1185 δούλου
745 1131 875 1192 ὄντος,
899 1133 949 1186 τὸ
967 1137 1042 1202 ζῇν
1065 1134 1123 1198 μὴ
1143 1139 1199 1189 ὥς
1214 1132 1442 1192 βούλεται.
1465 1169 1518 1177 -

147 1217 350 1267 ἐντεῦθεν
369 1213 609 1277 δ’ἐλῆλυθε
623 1215 671 1269 τὸ
689 1216 746 1279 μὴ
765 1214 1016 1291 ἄρχεσθαι,
1034 1214 1236 1282 μάλιστα
1252 1213 1326 1282 μὲν
1342 1217 1427 1271 ὑπὸ
1444 1241 1526 1283 μη·-

149 1295 276 1356 δενός,
305 1303 344 1349 εἰ
367 1297 412 1350 δὲ
433 1296 491 1362 μὴ
520 1296 639 1350 κατὰ
663 1297 827 1374 μέρος”
846 1302 933 1370 (¹).
967 1302 1204 1352 Ceterum
1229 1303 1400 1354 eadem
1421 1304 1524 1355 fere

147 1385 343 1434 ratione
358 1382 640 1434 libertatem
655 1384 907 1433 definitam
932 1386 1208 1453 reperimus
1232 1387 1364 1455 apud
1382 1387 1523 1438 Cice-

150 1484 354 1517 ronem:
387 1465 660 1538 „Quid-est
677 1468 811 1517 enim
836 1465 1070 1518 libertas?
1095 1477 1307 1537 potestas
1324 1471 1521 1521 vivendi

144 1558 204 1599 ut
214 1548 336 1600 velis
347 1549 359 1567 ’
368 1549 379 1567 ’
389 1549 480 1616 (²).
502 1550 779 1615 Quaeritur
787 1559 974 1610 autem,
989 1568 1083 1601 cur
1092 1569 1251 1619 quum
1257 1554 1365 1604 sine
1375 1572 1428 1604 ca
1434 1572 1520 1605 usa

141 1629 307 1699 aliqua
333 1631 513 1682 idonea
528 1632 655 1681 nihil
673 1632 812 1700 quod
830 1634 893 1686 sit
908 1634 1108 1683 maioris
1124 1637 1382 1694 momenti,
1411 1635 1519 1686 fieri

141 1713 312 1771 soleat,
333 1713 416 1763 illa
434 1716 751 1783 potissimum
774 1714 1119 1773 democratiae‚
1147 1735 1299 1784 quam
1323 1718 1514 1776 dicunt,

138 1796 304 1846 forma
318 1797 514 1847 usisint
529 1796 727 1855 Graeci,
751 1805 839 1846 aut
863 1797 1003 1864 quod
1025 1798 1200 1848 eodem
1224 1800 1370 1858 redit5
1394 1819 1518 1867 quo-

138 1876 291 1926 modo
305 1877 569 1927 cohaereat
583 1876 882 1926 democratia
899 1895 1015 1926 cum
1025 1879 1337 1929 Graecorum
1353 1884 1515 1933 nativa

137 1957 308 2010 indole
318 1959 343 2009 ’.Ρ
367 1960 446 2010 De
455 1958 550 2011 hac
565 1961 778 2028 graviori
792 1978 886 2010 nee
897 1958 1044 2011 facile
1054 1960 1358 2014 dissolvenda
1370 1984 1514 2033 quae-

136 2044 297 2092 stione
325 2041 686 2093 illustrissimus
713 2051 864 2111 atque
888 2041 1067 2092 harum
1091 2060 1262 2093 rerum
1284 2049 1512 2115 peritissi-

135 2142 249 2173 mus
259 2125 313 2173 M
321 2136 486 2175 ontes
496 2126 599 2193 qui
609 2143 679 2175 eu
693 2127 746 2174 in
758 2124 1082 2176 celeberrimo
1093 2124 1237 2186 libro,
1246 2114 1338 2195 ciui
1347 2131 1514 2182 inscri-

133 2214 253 2276 ptus
270 2214 360 2266 est:
381 2211 522 2273 esprit
531 2207 615 2256 des
626 2209 722 2266 lois,
736 2207 988 2278 praeclare
1004 2208 1299 2262 disseruit'et
1316 2211 1504 2264 docuit:

132 2290 438 2360 principium
455 2297 504 2337 et
520 2289 901 2340 fundamentum
917 2293 1057 2358 quasi
1068 2292 1393 2343 democratiae
1403 2312 1509 2344 esse

133 2372 391 2422 virtutem.
429 2369 623 2435 Quodsi
646 2371 1019 2424 huiusvvirtutis
1045 2377 1303 2426 notionem
1320 2393 1506 2445 eogno-

136 2471 270 2503 seere
285 2453 427 2512 velis,
447 2453 595 2505 altius
619 2457 893 2524 inquirere,
914 2456 1073 2523 qualis
1091 2459 1171 2515 sit,
1191 2476 1388 2508 necesse
1410 2470 1499 2508 est.

219 2569 275 2622 (¹)
297 2569 548 2622 ›Polizimvss
557 2572 600 2612 2.

221 2632 277 2687 (²)
305 2635 437 2676 Cioer.
450 2636 594 2677 parad.
603 2638 652 2675 V.
