1669 2878
546 142 1011 179 raomiaoumu.
1397 136 1456 183 21

87 271 146 319 iis
167 279 296 335 quae
311 264 365 314 in
381 271 650 332 utramque
666 269 859 331 partem
871 280 1017 334 saepe
1032 262 1354 336 multumque
1368 267 1460 320 dis-

86 356 257 419 putata
275 357 432 408 sunt,
456 354 686 398 accurate
714 354 773 395 etv
791 346 974 397 iterum
1004 346 1288 415 iterumque
1316 350 1455 403 lectis

86 438 235 498 atque
251 430 520 499 perpensis,
543 425 729 477 fabulis
745 444 825 477 me
841 426 953 488 illis,
970 448 998 478 a
1012 430 1188 498 primis
1205 430 1321 480 inde
1340 440 1454 483 tem-

83 512 292 581 poribus
318 509 563 579 usque'ad
588 519 807 560 nostram
830 520 1040 561 aetatem
1061 512 1364 579 vigentibus,
1393 514 1453 563 de

82 593 309 653 coloniis,
339 610 401 643 ex
416 592 645 661 Aegypto
663 590 887 661 Cecrope
909 601 959 643 et
974 593 1147 644 Danao
1168 592 1381 645 ducibus
1398 598 1453 645 in

80 676 347 725 Graeciam
364 672 607 732 deductis,
637 691 864 742 magnam
880 673 1159 725 habendam
1179 693 1283 726 esse
1300 676 1451 727 fidem

78 757 283 806 minime
312 772 531 815 censere,
569 756 654 807 sed
681 757 740 807 iis
765 758 934 825 potius
960 758 1326 809 assentiendum
1351 774 1454 828 pu·

77 848 198 896 tare,
225 836 411 905 quibus
435 835 640 906 placuit,
672 856 733 886 ex
757 839 864 906 ipsa
888 839 1107 894 Graecia,
1124 849 1174 889 et
1198 840 1403 908 quidem
1420 860 1448 890 e
1481 906 1485 909 ἡ

76 918 316 971 Thraciae
343 929 538 971 mature
564 918 773 971 excultis
795 919 1088 987 regionibus
1108 924 1289 981 omnis,
1316 942 1448 991 quae

73 1012 242 1070 postea
268 1005 455 1051 mirum
479 1003 534 1051 in
561 1001 770 1051 modum
797 1010 943 1051 aucta
970 1011 1060 1060 est,
1099 1000 1326 1053 culturae
1350 1006 1453 1074 pri·
1471 1007 1473 1009 ’

72 1083 264 1134 mordia
282 1102 384 1134 esse
402 1083 685 1152 repetenda.
737 1084 842 1148 Qui
859 1083 988 1133 hanc
1005 1101 1112 1132 rem
1127 1085 1220 1134 sihi
1238 1093 1446 1136 tractan-

73 1164 186 1214 dam
220 1183 440 1215 sumsere
452 1203 467 1225 ,
505 1183 683 1219 eorum
711 1164 829 1214 libri
864 1166 1094 1215 omnium
1126 1167 1180 1214 in
1211 1168 1454 1219 manibus-

73 1256 206 1305 sunt,
229 1265 385 1314 quare
401 1249 535 1315 ipsos
552 1248 847 1297 nominatim
870 1244 953 1296 hic
975 1244 1179 1296 laudare
1196 1264 1323 1316 opus
1341 1266 1445 1298 non
1494 1243 1497 1244 ⁷

73 1338 170 1389 est3
197 1347 330 1379 unus
347 1337 515 1378 autem
528 1346 722 1386 eorum,
739 1326 904 1377 adhuc
917 1329 1223 1396 paucissimis
1237 1329 1446 1382 fortasse

71 1421 238 1470 notus,
267 1408 622 1469 Schnitzler‚
650 1409 1098 1478 Argentoratensis,
1122 1409 1300 1478 dignus
1317 1411 1443 1462 mihi.

69 1493 267 1544 videtur
276 1495 364 1562 qui
376 1492 610 1562 pluribus
620 1494 895 1543 innotescat
899 1512 912 1552 3
924 1494 1118 1562 scripsit
1127 1495 1262 1543 enim
1272 1494 1447 1546 doctis-

69 1576 243 1625 simam
261 1576 652 1626 dissertationem
668 1574 731 1625 de
747 1573 954 1625 coloniis
966 1574 1190 1644 Cecrope
1200 1576 1372 1626 Danao
1390 1579 1440 1626 et

70 1656 258 1707 Cadmo
276 1657 487 1707 ducibus
505 1658 558 1705 in
569 1656 1089 1718 Graeciam'deductis3
1112 1658 1290 1706 inserta
1302 1658 1438 1707 estin

69 1741 348 1789 versionem
360 1738 710 1789 Germanicam
725 1736 957 1787 historiae
974 1737 1279 1788 litteraturae
1299 1740 1438 1809 apud

69 1822 287 1872 Graecos
305 1842 334 1871 a
350 1820 621 1873 Schiillio
639 1819 795 1870 editae
812 1820 851 1868 Ι.
869 1823 989 1888 pqio
1009 1839 1176 1887 sqq.—
1200 1821 1298 1872 Sed
1314 1821 1439 1873 haec

70 1913 220 1972 atque
236 1904 369 1963 talia,
389 1903 508 1954 licet
523 1921 615 1972 per
631 1919 682 1952 se
698 1902 1075 1969 investigatione
1092 1911 1143 1951 et
1155 1905 1439 1971 cognitione

69 1986 204 2046 haud
227 1985 445 2053 indigna,
465 1986 672 2034 minoris
697 1992 863 2033 tamen
879 1983 1024 2032 nohis
1042 1993 1159 2034 sunt
1175 1988 1432 2046 momenti,
1449 2005 1453 2008 ⁴

71 2087 222 2136 quam
235 2069 457 2138 instituta
474 2069 581 2126 ista,
596 2066 782 2135 quibus
792 2065 970 2116 Graeci
985 2065 1047 2114 ad
1058 2075 1243 2116 tantam
1255 2070 1439 2135 magni-

69 2150 295 2199 tudinem
316 2151 574 2218 pervenire
597 2156 883 2215 tantamque
904 2150 1132 2199 omnium
1149 2157 1436 2219 temporum

71 2231 443 2283 admirationem
453 2232 670 2283 excitare
685 2238 980 2300 potuerunt.

558 2381 782 2432 CAPUT
821 2380 937 2432 VII.

205 2464 493 2531 Aristoteles
516 2476 885 2556 philosophiam
907 2475 971 2527 ah
986 2477 1306 2527 admiratione
1320 2495 1433 2546 pro-

73 2563 254 2613 fectam
263 2564 354 2622 ait3
372 2579 477 2612 non
492 2562 658 2610 minus
673 2569 841 2626 autem
856 2559 919 2608 ab
934 2558 1105 2628 eadem
1120 2556 1293 2626 religio
1311 2577 1434 2627 quo-

79 2662 179 2712 que
205 2646 446 2716 originem
470 2644 673 2696 traxisse
694 2642 920 2704 videtum
952 2656 1115 2711 quum
1138 2640 1222 2694 vel
1244 2643 1436 2712 primus
