<?xml version="1.0" encoding="UTF-8"?>
<!DOCTYPE html PUBLIC "-//W3C//DTD XHTML 1.0 Transitional//EN"
    "http://www.w3.org/TR/xhtml1/DTD/xhtml1-transitional.dtd">
<html xmlns="http://www.w3.org/1999/xhtml" xml:lang="en" lang="en">
 <head>
  <title>
</title>
<meta http-equiv="Content-Type" content="text/html;charset=utf-8" />
  <meta name='ocr-system' content='tesseract 3.04.00' />
  <meta name='ocr-capabilities' content='ocr_page ocr_carea ocr_par ocr_line ocrx_word'/>
</head>
<body>
  <div class='ocr_page' id='page_1' title='image "4738040_0045.png"; bbox 0 0 1669 2878; ppageno 0'>
   <div class='ocr_carea' id='block_1_1' title="bbox 535 56 1477 108">
    <p class='ocr_par' dir='ltr' id='par_1_1' title="bbox 535 56 1477 108">
     <span class='ocr_line' id='line_1_1' title="bbox 535 56 1477 108; baseline 0.004 -4"><span class='ocrx_word' id='word_1_1' title='bbox 535 56 538 59; x_wconf 80' lang='grc'>’</span> <span class='ocrx_word' id='word_1_2' title='bbox 563 70 1025 107; x_wconf 63' lang='lat' dir='ltr'><strong>raonoaaxn‘ua.</strong></span> <span class='ocrx_word' id='word_1_3' title='bbox 1416 61 1477 108; x_wconf 85' lang='lat'><strong>29</strong></span> 
     </span>
    </p>
   </div>
   <div class='ocr_carea' id='block_1_2' title="bbox 36 176 1480 2639">
    <p class='ocr_par' dir='ltr' id='par_1_2' title="bbox 36 176 1480 2639">
     <span class='ocr_line' id='line_1_2' title="bbox 114 176 1475 247; baseline 0.001 -14"><span class='ocrx_word' id='word_1_4' title='bbox 114 181 341 247; x_wconf 77' lang='lat' dir='ltr'><strong>Namque</strong></span> <span class='ocrx_word' id='word_1_5' title='bbox 357 178 632 231; x_wconf 87' lang='lat' dir='ltr'><strong>secundum</strong></span> <span class='ocrx_word' id='word_1_6' title='bbox 647 176 903 246; x_wconf 76' lang='lat' dir='ltr'><strong>vulgarem</strong></span> <span class='ocrx_word' id='word_1_7' title='bbox 918 181 1032 231; x_wconf 82' lang='lat' dir='ltr'><strong>-eius</strong></span> <span class='ocrx_word' id='word_1_8' title='bbox 1050 179 1475 247; x_wconf 80' lang='lat' dir='ltr'><strong>significationem,</strong></span> 
     </span>
     <span class='ocr_line' id='line_1_3' title="bbox 114 249 1480 332; baseline 0.003 -21"><span class='ocrx_word' id='word_1_9' title='bbox 114 281 214 332; x_wconf 87' lang='lat' dir='ltr'><strong>qua</strong></span> <span class='ocrx_word' id='word_1_10' title='bbox 227 249 430 331; x_wconf 83' lang='lat' dir='ltr'><strong>quidem</strong></span> <span class='ocrx_word' id='word_1_11' title='bbox 440 264 562 313; x_wconf 86' lang='lat' dir='ltr'><strong>recti</strong></span> <span class='ocrx_word' id='word_1_12' title='bbox 575 260 789 312; x_wconf 82' lang='lat' dir='ltr'><strong>faciendi</strong></span> <span class='ocrx_word' id='word_1_13' title='bbox 804 259 1008 314; x_wconf 72' lang='lat' dir='ltr'><strong>facilitas</strong></span> <span class='ocrx_word' id='word_1_14' title='bbox 1023 261 1282 332; x_wconf 76' lang='lat' dir='ltr'><strong>quaedam,</strong></span> <span class='ocrx_word' id='word_1_15' title='bbox 1296 267 1480 317; x_wconf 82' lang='lat' dir='ltr'><strong>exerci-</strong></span> 
     </span>
     <span class='ocr_line' id='line_1_4' title="bbox 110 345 1477 412; baseline 0.004 -18"><span class='ocrx_word' id='word_1_16' title='bbox 110 346 295 395; x_wconf 79' lang='lat' dir='ltr'><strong>tatione</strong></span> <span class='ocrx_word' id='word_1_17' title='bbox 311 346 501 396; x_wconf 89' lang='lat' dir='ltr'><strong>assidua</strong></span> <span class='ocrx_word' id='word_1_18' title='bbox 519 351 818 412; x_wconf 86' lang='lat' dir='ltr'><strong>comparata,</strong></span> <span class='ocrx_word' id='word_1_19' title='bbox 839 361 941 395; x_wconf 84' lang='lat' dir='ltr'><strong>esse</strong></span> <span class='ocrx_word' id='word_1_20' title='bbox 956 345 1173 403; x_wconf 80' lang='lat' dir='ltr'><strong>videtur,</strong></span> <span class='ocrx_word' id='word_1_21' title='bbox 1186 349 1477 399; x_wconf 81' lang='lat' dir='ltr'><strong>nemovide·</strong></span> 
     </span>
     <span class='ocr_line' id='line_1_5' title="bbox 108 427 1478 498; baseline 0.002 -22"><span class='ocrx_word' id='word_1_22' title='bbox 108 429 191 487; x_wconf 84' lang='lat' dir='ltr'><strong>rit,</strong></span> <span class='ocrx_word' id='word_1_23' title='bbox 203 427 420 480; x_wconf 86' lang='lat' dir='ltr'><strong>Graecos</strong></span> <span class='ocrx_word' id='word_1_24' title='bbox 439 446 496 478; x_wconf 90' lang='lat' dir='ltr'><strong>ea</strong></span> <span class='ocrx_word' id='word_1_25' title='bbox 514 436 703 477; x_wconf 84' lang='lat' dir='ltr'><strong>ceteros</strong></span> <span class='ocrx_word' id='word_1_26' title='bbox 717 444 1015 498; x_wconf 81' lang='lat' dir='ltr'><strong>magnopere</strong></span> <span class='ocrx_word' id='word_1_27' title='bbox 1026 445 1300 498; x_wconf 85' lang='lat' dir='ltr'><strong>superasse,</strong></span> <span class='ocrx_word' id='word_1_28' title='bbox 1315 447 1478 497; x_wconf 82' lang='lat' dir='ltr'><strong>quum</strong></span> 
     </span>
     <span class='ocr_line' id='line_1_6' title="bbox 109 509 1478 580; baseline 0.002 -20"><span class='ocrx_word' id='word_1_29' title='bbox 109 519 281 561; x_wconf 86' lang='lat' dir='ltr'><strong>contra</strong></span> <span class='ocrx_word' id='word_1_30' title='bbox 303 510 493 561; x_wconf 45' lang='lat' dir='ltr'><strong>talibus*</strong></span> <span class='ocrx_word' id='word_1_31' title='bbox 508 510 812 560; x_wconf 80' lang='lat' dir='ltr'><strong>assueverint</strong></span> <span class='ocrx_word' id='word_1_32' title='bbox 828 511 978 570; x_wconf 75' lang='lat' dir='ltr'><strong>vitiis,</strong></span> <span class='ocrx_word' id='word_1_33' title='bbox 1001 509 1167 580; x_wconf 84' lang='lat' dir='ltr'><strong>qualia</strong></span> <span class='ocrx_word' id='word_1_34' title='bbox 1184 512 1296 561; x_wconf 89' lang='lat' dir='ltr'><strong>iure</strong></span> <span class='ocrx_word' id='word_1_35' title='bbox 1313 530 1342 560; x_wconf 92' lang='lat' dir='ltr'><strong>a</strong></span> <span class='ocrx_word' id='word_1_36' title='bbox 1359 529 1478 563; x_wconf 82' lang='lat' dir='ltr'><strong>vera</strong></span> 
     </span>
     <span class='ocr_line' id='line_1_7' title="bbox 105 592 1475 662; baseline 0.003 -20"><span class='ocrx_word' id='word_1_37' title='bbox 105 593 410 643; x_wconf 82' lang='lat' dir='ltr'><strong>humanitate</strong></span> <span class='ocrx_word' id='word_1_38' title='bbox 421 592 692 643; x_wconf 86' lang='lat' dir='ltr'><strong>abhorrere</strong></span> <span class='ocrx_word' id='word_1_39' title='bbox 703 602 951 661; x_wconf 85' lang='lat' dir='ltr'><strong>putemus,</strong></span> <span class='ocrx_word' id='word_1_40' title='bbox 962 603 1011 644; x_wconf 88' lang='lat' dir='ltr'><strong>et</strong></span> <span class='ocrx_word' id='word_1_41' title='bbox 1019 593 1159 662; x_wconf 83' lang='lat' dir='ltr'><strong>quod</strong></span> <span class='ocrx_word' id='word_1_42' title='bbox 1169 597 1321 662; x_wconf 83' lang='lat' dir='ltr'><strong>magis</strong></span> <span class='ocrx_word' id='word_1_43' title='bbox 1332 597 1475 646; x_wconf 87' lang='lat' dir='ltr'><strong>mire-</strong></span> 
     </span>
     <span class='ocr_line' id='line_1_8' title="bbox 103 674 1472 746; baseline 0.004 -23"><span class='ocrx_word' id='word_1_44' title='bbox 103 677 190 732; x_wconf 85' lang='lat' dir='ltr'><strong>ris,</strong></span> <span class='ocrx_word' id='word_1_45' title='bbox 209 692 275 723; x_wconf 91' lang='lat' dir='ltr'><strong>ne</strong></span> <span class='ocrx_word' id='word_1_46' title='bbox 291 676 523 743; x_wconf 84' lang='lat' dir='ltr'><strong>suspicati</strong></span> <span class='ocrx_word' id='word_1_47' title='bbox 541 674 744 744; x_wconf 88' lang='lat' dir='ltr'><strong>quidem</strong></span> <span class='ocrx_word' id='word_1_48' title='bbox 760 677 876 736; x_wconf 89' lang='lat' dir='ltr'><strong>sint,</strong></span> <span class='ocrx_word' id='word_1_49' title='bbox 896 676 1129 746; x_wconf 80' lang='lat' dir='ltr'><strong>turpibus</strong></span> <span class='ocrx_word' id='word_1_50' title='bbox 1145 694 1200 727; x_wconf 84' lang='lat' dir='ltr'><strong>se</strong></span> <span class='ocrx_word' id='word_1_51' title='bbox 1198 676 1472 746; x_wconf 87' lang='lat' dir='ltr'><strong>indulgere</strong></span> 
     </span>
     <span class='ocr_line' id='line_1_9' title="bbox 105 756 1473 828; baseline 0.003 -22"><span class='ocrx_word' id='word_1_52' title='bbox 105 756 566 807; x_wconf 82' lang='lat' dir='ltr'><strong>consuetudinibus.</strong></span> <span class='ocrx_word' id='word_1_53' title='bbox 605 757 841 807; x_wconf 77' lang='lat' dir='ltr'><strong>Cernitur</strong></span> <span class='ocrx_word' id='word_1_54' title='bbox 863 768 1029 828; x_wconf 81' lang='lat' dir='ltr'><strong>autem</strong></span> <span class='ocrx_word' id='word_1_55' title='bbox 1046 760 1137 808; x_wconf 88' lang='lat' dir='ltr'><strong>ista</strong></span> <span class='ocrx_word' id='word_1_56' title='bbox 1153 760 1216 809; x_wconf 89' lang='lat' dir='ltr'><strong>ab</strong></span> <span class='ocrx_word' id='word_1_57' title='bbox 1241 761 1338 809; x_wconf 86' lang='lat' dir='ltr'><strong>isto</strong></span> <span class='ocrx_word' id='word_1_58' title='bbox 1359 760 1473 828; x_wconf 91' lang='lat' dir='ltr'><strong>phi-</strong></span> 
     </span>
     <span class='ocr_line' id='line_1_10' title="bbox 101 837 1474 915; baseline 0.001 -27"><span class='ocrx_word' id='word_1_59' title='bbox 101 837 315 909; x_wconf 84' lang='lat' dir='ltr'><strong>losopho</strong></span> <span class='ocrx_word' id='word_1_60' title='bbox 331 839 461 890; x_wconf 88' lang='lat' dir='ltr'><strong>dicta</strong></span> <span class='ocrx_word' id='word_1_61' title='bbox 477 841 636 889; x_wconf 84' lang='lat' dir='ltr'><strong>virtus</strong></span> <span class='ocrx_word' id='word_1_62' title='bbox 653 841 706 888; x_wconf 89' lang='lat' dir='ltr'><strong>in</strong></span> <span class='ocrx_word' id='word_1_63' title='bbox 724 857 804 899; x_wconf 90' lang='lat' dir='ltr'><strong>eo,</strong></span> <span class='ocrx_word' id='word_1_64' title='bbox 831 839 971 908; x_wconf 89' lang='lat' dir='ltr'><strong>quod</strong></span> <span class='ocrx_word' id='word_1_65' title='bbox 994 857 1291 915; x_wconf 86' lang='lat' dir='ltr'><strong>persuasum</strong></span> <span class='ocrx_word' id='word_1_66' title='bbox 1310 851 1385 902; x_wconf 70' lang='lat' dir='ltr'><strong>est</strong></span> <span class='ocrx_word' id='word_1_67' title='bbox 1401 844 1474 892; x_wconf 90' lang='lat' dir='ltr'><strong>ci-</strong></span> 
     </span>
     <span class='ocr_line' id='line_1_11' title="bbox 99 921 1476 989; baseline 0.003 -18"><span class='ocrx_word' id='word_1_68' title='bbox 99 923 264 982; x_wconf 80' lang='lat' dir='ltr'><strong>vibus,</strong></span> <span class='ocrx_word' id='word_1_69' title='bbox 283 922 343 973; x_wconf 89' lang='lat' dir='ltr'><strong>ad</strong></span> <span class='ocrx_word' id='word_1_70' title='bbox 360 921 687 973; x_wconf 86' lang='lat' dir='ltr'><strong>moralitatem</strong></span> <span class='ocrx_word' id='word_1_71' title='bbox 702 941 754 974; x_wconf 86' lang='lat' dir='ltr'><strong>se</strong></span> <span class='ocrx_word' id='word_1_72' title='bbox 771 921 968 973; x_wconf 72' lang='lat' dir='ltr'><strong>civilem</strong></span> <span class='ocrx_word' id='word_1_73' title='bbox 984 922 1305 973; x_wconf 79' lang='lat' dir='ltr'><strong>exercendam</strong></span> <span class='ocrx_word' id='word_1_74' title='bbox 1323 934 1373 974; x_wconf 88' lang='lat' dir='ltr'><strong>et</strong></span> <span class='ocrx_word' id='word_1_75' title='bbox 1392 943 1476 989; x_wconf 91' lang='lat' dir='ltr'><strong>cu-</strong></span> 
     </span>
     <span class='ocr_line' id='line_1_12' title="bbox 101 1004 1468 1074; baseline 0.001 -18"><span class='ocrx_word' id='word_1_76' title='bbox 101 1004 407 1061; x_wconf 88' lang='lat' dir='ltr'><strong>stodiendam</strong></span> <span class='ocrx_word' id='word_1_77' title='bbox 432 1023 535 1057; x_wconf 90' lang='lat' dir='ltr'><strong>esse</strong></span> <span class='ocrx_word' id='word_1_78' title='bbox 556 1004 840 1065; x_wconf 87' lang='lat' dir='ltr'><strong>destinatos,</strong></span> <span class='ocrx_word' id='word_1_79' title='bbox 867 1005 1081 1074; x_wconf 87' lang='lat' dir='ltr'><strong>ideoque</strong></span> <span class='ocrx_word' id='word_1_80' title='bbox 1104 1014 1154 1056; x_wconf 88' lang='lat' dir='ltr'><strong>et</strong></span> <span class='ocrx_word' id='word_1_81' title='bbox 1176 1024 1338 1058; x_wconf 87' lang='lat' dir='ltr'><strong>mores</strong></span> <span class='ocrx_word' id='word_1_82' title='bbox 1354 1026 1468 1058; x_wconf 85' lang='lat' dir='ltr'><strong>ma-</strong></span> 
     </span>
     <span class='ocr_line' id='line_1_13' title="bbox 97 1087 1467 1156; baseline 0.003 -20"><span class='ocrx_word' id='word_1_83' title='bbox 97 1091 266 1138; x_wconf 89' lang='lat' dir='ltr'><strong>iorum</strong></span> <span class='ocrx_word' id='word_1_84' title='bbox 283 1097 332 1138; x_wconf 89' lang='lat' dir='ltr'><strong>et</strong></span> <span class='ocrx_word' id='word_1_85' title='bbox 349 1087 653 1156; x_wconf 85' lang='lat' dir='ltr'><strong>reipublicae</strong></span> <span class='ocrx_word' id='word_1_86' title='bbox 676 1089 900 1149; x_wconf 84' lang='lat' dir='ltr'><strong>instituta</strong></span> <span class='ocrx_word' id='word_1_87' title='bbox 922 1098 1231 1138; x_wconf 85' lang='lat' dir='ltr'><strong>sacrosancta</strong></span> <span class='ocrx_word' id='word_1_88' title='bbox 1246 1107 1351 1139; x_wconf 91' lang='lat' dir='ltr'><strong>non</strong></span> <span class='ocrx_word' id='word_1_89' title='bbox 1368 1109 1467 1140; x_wconf 89' lang='lat' dir='ltr'><strong>un-</strong></span> 
     </span>
     <span class='ocr_line' id='line_1_14' title="bbox 98 1169 1468 1241; baseline 0.001 -21"><span class='ocrx_word' id='word_1_90' title='bbox 98 1189 251 1238; x_wconf 88' lang='lat' dir='ltr'><strong>quam</strong></span> <span class='ocrx_word' id='word_1_91' title='bbox 265 1169 494 1221; x_wconf 83' lang='lat' dir='ltr'><strong>violanda</strong></span> <span class='ocrx_word' id='word_1_92' title='bbox 518 1174 737 1230; x_wconf 83' lang='lat' dir='ltr'><strong>censent,</strong></span> <span class='ocrx_word' id='word_1_93' title='bbox 764 1169 1055 1237; x_wconf 85' lang='lat' dir='ltr'><strong>indequeet</strong></span> <span class='ocrx_word' id='word_1_94' title='bbox 1077 1170 1245 1219; x_wconf 80' lang='lat' dir='ltr'><strong>vivere</strong></span> <span class='ocrx_word' id='word_1_95' title='bbox 1269 1189 1364 1239; x_wconf 88' lang='lat' dir='ltr'><strong>pro</strong></span> <span class='ocrx_word' id='word_1_96' title='bbox 1381 1191 1468 1241; x_wconf 90' lang='lat' dir='ltr'><strong>pa-</strong></span> 
     </span>
     <span class='ocr_line' id='line_1_15' title="bbox 95 1250 1468 1322; baseline 0.002 -21"><span class='ocrx_word' id='word_1_97' title='bbox 95 1254 189 1302; x_wconf 87' lang='lat' dir='ltr'><strong>tria</strong></span> <span class='ocrx_word' id='word_1_98' title='bbox 207 1261 257 1303; x_wconf 91' lang='lat' dir='ltr'><strong>et</strong></span> <span class='ocrx_word' id='word_1_99' title='bbox 272 1254 401 1304; x_wconf 87' lang='lat' dir='ltr'><strong>mori</strong></span> <span class='ocrx_word' id='word_1_100' title='bbox 418 1253 714 1322; x_wconf 85' lang='lat' dir='ltr'><strong>primarium</strong></span> <span class='ocrx_word' id='word_1_101' title='bbox 737 1251 832 1302; x_wconf 86' lang='lat' dir='ltr'><strong>sibi</strong></span> <span class='ocrx_word' id='word_1_102' title='bbox 857 1253 1076 1301; x_wconf 86' lang='lat' dir='ltr'><strong>officium</strong></span> <span class='ocrx_word' id='word_1_103' title='bbox 1097 1250 1300 1303; x_wconf 88' lang='lat' dir='ltr'><strong>habent.</strong></span> <span class='ocrx_word' id='word_1_104' title='bbox 1337 1255 1468 1304; x_wconf 81' lang='lat' dir='ltr'><strong>Ean-</strong></span> 
     </span>
     <span class='ocr_line' id='line_1_16' title="bbox 96 1333 1465 1404; baseline 0.003 -21"><span class='ocrx_word' id='word_1_105' title='bbox 96 1335 207 1384; x_wconf 91' lang='lat' dir='ltr'><strong>dem</strong></span> <span class='ocrx_word' id='word_1_106' title='bbox 225 1336 291 1386; x_wconf 92' lang='lat' dir='ltr'><strong>ob</strong></span> <span class='ocrx_word' id='word_1_107' title='bbox 309 1346 508 1386; x_wconf 86' lang='lat' dir='ltr'><strong>causam</strong></span> <span class='ocrx_word' id='word_1_108' title='bbox 533 1352 723 1392; x_wconf 86' lang='lat' dir='ltr'><strong>omnes,</strong></span> <span class='ocrx_word' id='word_1_109' title='bbox 751 1333 978 1385; x_wconf 84' lang='lat' dir='ltr'><strong>libertate</strong></span> <span class='ocrx_word' id='word_1_110' title='bbox 1000 1336 1056 1384; x_wconf 84' lang='lat' dir='ltr'><strong>in·</strong></span> <span class='ocrx_word' id='word_1_111' title='bbox 1076 1335 1227 1386; x_wconf 88' lang='lat' dir='ltr'><strong>rebus</strong></span> <span class='ocrx_word' id='word_1_112' title='bbox 1249 1335 1465 1404; x_wconf 87' lang='lat' dir='ltr'><strong>publicis</strong></span> 
     </span>
     <span class='ocr_line' id='line_1_17' title="bbox 94 1416 1467 1490; baseline 0.001 -22"><span class='ocrx_word' id='word_1_113' title='bbox 94 1419 281 1490; x_wconf 79' lang='lat' dir='ltr'><strong>ornati,</strong></span> <span class='ocrx_word' id='word_1_114' title='bbox 312 1420 585 1488; x_wconf 81' lang='lat' dir='ltr'><strong>participes·</strong></span> <span class='ocrx_word' id='word_1_115' title='bbox 602 1416 805 1467; x_wconf 82' lang='lat' dir='ltr'><strong>illarum</strong></span> <span class='ocrx_word' id='word_1_116' title='bbox 825 1416 1156 1485; x_wconf 81' lang='lat' dir='ltr'><strong>regendarum</strong></span> <span class='ocrx_word' id='word_1_117' title='bbox 1178 1425 1229 1467; x_wconf 89' lang='lat' dir='ltr'><strong>et</strong></span> <span class='ocrx_word' id='word_1_118' title='bbox 1253 1427 1394 1468; x_wconf 85' lang='lat' dir='ltr'><strong>erant</strong></span> <span class='ocrx_word' id='word_1_119' title='bbox 1417 1429 1467 1470; x_wconf 90' lang='lat' dir='ltr'><strong>et</strong></span> 
     </span>
     <span class='ocr_line' id='line_1_18' title="bbox 92 1501 1478 1571; baseline 0.002 -20"><span class='ocrx_word' id='word_1_120' title='bbox 92 1501 159 1551; x_wconf 88' lang='lat' dir='ltr'><strong>ob</strong></span> <span class='ocrx_word' id='word_1_121' title='bbox 187 1503 374 1552; x_wconf 86' lang='lat' dir='ltr'><strong>civium</strong></span> <span class='ocrx_word' id='word_1_122' title='bbox 399 1503 716 1571; x_wconf 80' lang='lat' dir='ltr'><strong>paucitatem,</strong></span> <span class='ocrx_word' id='word_1_123' title='bbox 739 1518 902 1569; x_wconf 90' lang='lat' dir='ltr'><strong>quum</strong></span> <span class='ocrx_word' id='word_1_124' title='bbox 924 1502 1165 1566; x_wconf 86' lang='lat' dir='ltr'><strong>nimirum</strong></span> <span class='ocrx_word' id='word_1_125' title='bbox 1189 1502 1397 1553; x_wconf 81' lang='lat' dir='ltr'><strong>civitatis</strong></span> <span class='ocrx_word' id='word_1_126' title='bbox 1413 1512 1478 1554; x_wconf 86' lang='lat' dir='ltr'><strong>et.</strong></span> 
     </span>
     <span class='ocr_line' id='line_1_19' title="bbox 89 1582 1459 1652; baseline 0.001 -20"><span class='ocrx_word' id='word_1_127' title='bbox 89 1584 229 1633; x_wconf 85' lang='lat' dir='ltr'><strong>urbis</strong></span> <span class='ocrx_word' id='word_1_128' title='bbox 246 1583 416 1633; x_wconf 85' lang='lat' dir='ltr'><strong>eadem</strong></span> <span class='ocrx_word' id='word_1_129' title='bbox 427 1582 539 1643; x_wconf 23' lang='lat' dir='ltr'><strong>*fere</strong></span> <span class='ocrx_word' id='word_1_130' title='bbox 557 1592 681 1633; x_wconf 81' lang='lat' dir='ltr'><strong>esset</strong></span> <span class='ocrx_word' id='word_1_131' title='bbox 697 1585 869 1648; x_wconf 85' lang='lat' dir='ltr'><strong>notio(</strong></span> <span class='ocrx_word' id='word_1_132' title='bbox 879 1583 947 1649; x_wconf 81' lang='lat'><strong>¹),</strong></span> <span class='ocrx_word' id='word_1_133' title='bbox 963 1601 1069 1633; x_wconf 87' lang='lat' dir='ltr'><strong>esse</strong></span> <span class='ocrx_word' id='word_1_134' title='bbox 1083 1591 1330 1652; x_wconf 81' lang='lat' dir='ltr'><strong>poterant.</strong></span> <span class='ocrx_word' id='word_1_135' title='bbox 1362 1584 1459 1634; x_wconf 84' lang='lat' dir='ltr'><strong>Vel</strong></span> 
     </span>
     <span class='ocr_line' id='line_1_20' title="bbox 88 1662 1459 1732; baseline 0.001 -19"><span class='ocrx_word' id='word_1_136' title='bbox 88 1665 217 1714; x_wconf 82' lang='lat' dir='ltr'><strong>hinc·</strong></span> <span class='ocrx_word' id='word_1_137' title='bbox 234 1664 378 1714; x_wconf 89' lang='lat' dir='ltr'><strong>facile</strong></span> <span class='ocrx_word' id='word_1_138' title='bbox 404 1675 476 1715; x_wconf 88' lang='lat' dir='ltr'><strong>est</strong></span> <span class='ocrx_word' id='word_1_139' title='bbox 501 1664 776 1722; x_wconf 89' lang='lat' dir='ltr'><strong>intellectu,</strong></span> <span class='ocrx_word' id='word_1_140' title='bbox 806 1666 988 1714; x_wconf 85' lang='lat' dir='ltr'><strong>nostris</strong></span> <span class='ocrx_word' id='word_1_141' title='bbox 1019 1682 1115 1732; x_wconf 80' lang='lat' dir='ltr'><strong>per</strong></span> <span class='ocrx_word' id='word_1_142' title='bbox 1138 1662 1329 1714; x_wconf 38' lang='lat' dir='ltr'><strong>‘multas</strong></span> <span class='ocrx_word' id='word_1_143' title='bbox 1357 1675 1459 1715; x_wconf 85' lang='lat' dir='ltr'><strong>ter-</strong></span> 
     </span>
     <span class='ocr_line' id='line_1_21' title="bbox 87 1738 1455 1815; baseline 0.001 -20"><span class='ocrx_word' id='word_1_144' title='bbox 87 1765 166 1797; x_wconf 83' lang='lat' dir='ltr'><strong>ras</strong></span> <span class='ocrx_word' id='word_1_145' title='bbox 181 1748 422 1815; x_wconf 79' lang='lat' dir='ltr'><strong>porrectis</strong></span> <span class='ocrx_word' id='word_1_146' title='bbox 447 1748 662 1815; x_wconf 86' lang='lat' dir='ltr'><strong>imperiis</strong></span> <span class='ocrx_word' id='word_1_147' title='bbox 681 1738 1030 1797; x_wconf 80' lang='lat' dir='ltr'><strong>democratiam</strong></span> <span class='ocrx_word' id='word_1_148' title='bbox 1045 1749 1455 1807; x_wconf 75' lang='lat' dir='ltr'><strong>nonconvenire,</strong></span> 
     </span>
     <span class='ocr_line' id='line_1_22' title="bbox 88 1826 1460 1897; baseline 0.001 -19"><span class='ocrx_word' id='word_1_149' title='bbox 88 1847 248 1897; x_wconf 89' lang='lat' dir='ltr'><strong>quum</strong></span> <span class='ocrx_word' id='word_1_150' title='bbox 275 1830 326 1877; x_wconf 92' lang='lat' dir='ltr'><strong>in</strong></span> <span class='ocrx_word' id='word_1_151' title='bbox 351 1837 489 1886; x_wconf 86' lang='lat' dir='ltr'><strong>tanta</strong></span> <span class='ocrx_word' id='word_1_152' title='bbox 515 1828 868 1894; x_wconf 82' lang='lat' dir='ltr'><strong>suffragiorum</strong></span> <span class='ocrx_word' id='word_1_153' title='bbox 892 1826 1239 1891; x_wconf 83' lang='lat' dir='ltr'><strong>multitudine,</strong></span> <span class='ocrx_word' id='word_1_154' title='bbox 1270 1830 1460 1879; x_wconf 84' lang='lat' dir='ltr'><strong>maiore</strong></span> 
     </span>
     <span class='ocr_line' id='line_1_23' title="bbox 36 1911 1460 1983; baseline 0.001 -22"><span class='ocrx_word' id='word_1_155' title='bbox 36 1976 39 1979; x_wconf 12' lang='grc' dir='ltr'><em>Α</em></span> <span class='ocrx_word' id='word_1_156' title='bbox 87 1911 463 1981; x_wconf 83' lang='lat' dir='ltr'><strong>suffragantium</strong></span> <span class='ocrx_word' id='word_1_157' title='bbox 479 1920 621 1983; x_wconf 87' lang='lat' dir='ltr'><strong>parte</strong></span> <span class='ocrx_word' id='word_1_158' title='bbox 636 1912 867 1961; x_wconf 84' lang='lat' dir='ltr'><strong>vincente</strong></span> <span class='ocrx_word' id='word_1_159' title='bbox 884 1911 1148 1969; x_wconf 87' lang='lat' dir='ltr'><strong>minorem,</strong></span> <span class='ocrx_word' id='word_1_160' title='bbox 1175 1928 1309 1961; x_wconf 86' lang='lat' dir='ltr'><strong>unus</strong></span> <span class='ocrx_word' id='word_1_161' title='bbox 1328 1920 1460 1962; x_wconf 87' lang='lat' dir='ltr'><strong>certe</strong></span> 
     </span>
     <span class='ocr_line' id='line_1_24' title="bbox 87 1991 1457 2066; baseline -0.001 -24"><span class='ocrx_word' id='word_1_162' title='bbox 87 1992 240 2052; x_wconf 88' lang='lat' dir='ltr'><strong>solus,</strong></span> <span class='ocrx_word' id='word_1_163' title='bbox 268 1992 385 2043; x_wconf 89' lang='lat' dir='ltr'><strong>licet</strong></span> <span class='ocrx_word' id='word_1_164' title='bbox 401 1995 786 2066; x_wconf 81' lang='lat' dir='ltr'><strong>sapientissimus</strong></span> <span class='ocrx_word' id='word_1_165' title='bbox 810 1995 874 2043; x_wconf 89' lang='lat' dir='ltr'><strong>sit</strong></span> <span class='ocrx_word' id='word_1_166' title='bbox 899 2002 949 2041; x_wconf 88' lang='lat' dir='ltr'><strong>et</strong></span> <span class='ocrx_word' id='word_1_167' title='bbox 975 1991 1275 2060; x_wconf 85' lang='lat' dir='ltr'><strong>reipublicae</strong></span> <span class='ocrx_word' id='word_1_168' title='bbox 1299 1993 1457 2041; x_wconf 87' lang='lat' dir='ltr'><strong>admi-</strong></span> 
     </span>
     <span class='ocr_line' id='line_1_25' title="bbox 83 2073 1457 2143; baseline 0.002 -20"><span class='ocrx_word' id='word_1_169' title='bbox 83 2076 371 2125; x_wconf 84' lang='lat' dir='ltr'><strong>nistrandae</strong></span> <span class='ocrx_word' id='word_1_170' title='bbox 385 2077 727 2143; x_wconf 75' lang='lat' dir='ltr'><strong>peritissimus,</strong></span> <span class='ocrx_word' id='word_1_171' title='bbox 747 2092 840 2125; x_wconf 88' lang='lat' dir='ltr'><strong>nec</strong></span> <span class='ocrx_word' id='word_1_172' title='bbox 859 2075 1094 2143; x_wconf 85' lang='lat' dir='ltr'><strong>sapientia</strong></span> <span class='ocrx_word' id='word_1_173' title='bbox 1110 2091 1204 2124; x_wconf 88' lang='lat' dir='ltr'><strong>nec</strong></span> <span class='ocrx_word' id='word_1_174' title='bbox 1220 2073 1457 2143; x_wconf 85' lang='lat' dir='ltr'><strong>publicae</strong></span> 
     </span>
     <span class='ocr_line' id='line_1_26' title="bbox 82 2154 1452 2224; baseline 0.001 -18"><span class='ocrx_word' id='word_1_175' title='bbox 82 2155 283 2206; x_wconf 88' lang='lat' dir='ltr'><strong>utilitati</strong></span> <span class='ocrx_word' id='word_1_176' title='bbox 319 2156 616 2207; x_wconf 87' lang='lat' dir='ltr'><strong>consulente·</strong></span> <span class='ocrx_word' id='word_1_177' title='bbox 643 2175 746 2212; x_wconf 76' lang='lat' dir='ltr'><strong>sua.v</strong></span> <span class='ocrx_word' id='word_1_178' title='bbox 760 2155 1017 2207; x_wconf 82' lang='lat' dir='ltr'><strong>voluntate</strong></span> <span class='ocrx_word' id='word_1_179' title='bbox 1046 2154 1324 2224; x_wconf 84' lang='lat' dir='ltr'><strong>quidquam</strong></span> <span class='ocrx_word' id='word_1_180' title='bbox 1350 2160 1452 2207; x_wconf 90' lang='lat' dir='ltr'><strong>effi-</strong></span> 
     </span>
     <span class='ocr_line' id='line_1_27' title="bbox 84 2238 1450 2308; baseline -0.002 -19"><span class='ocrx_word' id='word_1_181' title='bbox 84 2258 197 2289; x_wconf 86' lang='lat' dir='ltr'><strong>cere</strong></span> <span class='ocrx_word' id='word_1_182' title='bbox 220 2239 395 2297; x_wconf 84' lang='lat' dir='ltr'><strong>valeat,</strong></span> <span class='ocrx_word' id='word_1_183' title='bbox 426 2238 640 2307; x_wconf 86' lang='lat' dir='ltr'><strong>ideoque</strong></span> <span class='ocrx_word' id='word_1_184' title='bbox 668 2242 885 2308; x_wconf 86' lang='lat' dir='ltr'><strong>optimus</strong></span> <span class='ocrx_word' id='word_1_185' title='bbox 911 2242 1128 2307; x_wconf 82' lang='lat' dir='ltr'><strong>quisque</strong></span> <span class='ocrx_word' id='word_1_186' title='bbox 1150 2239 1210 2288; x_wconf 91' lang='lat' dir='ltr'><strong>ad</strong></span> <span class='ocrx_word' id='word_1_187' title='bbox 1233 2242 1450 2287; x_wconf 86' lang='lat' dir='ltr'><strong>retinen-</strong></span> 
     </span>
     <span class='ocr_line' id='line_1_28' title="bbox 82 2318 1458 2391; baseline -0.001 -20"><span class='ocrx_word' id='word_1_188' title='bbox 82 2323 202 2371; x_wconf 51' lang='lat' dir='ltr'><strong>dam-¹</strong></span> <span class='ocrx_word' id='word_1_189' title='bbox 210 2320 509 2391; x_wconf 86' lang='lat' dir='ltr'><strong>plerumque</strong></span> <span class='ocrx_word' id='word_1_190' title='bbox 525 2338 671 2371; x_wconf 82' lang='lat' dir='ltr'><strong>suam</strong></span> <span class='ocrx_word' id='word_1_191' title='bbox 688 2323 981 2372; x_wconf 85' lang='lat' dir='ltr'><strong>sententiam</strong></span> <span class='ocrx_word' id='word_1_192' title='bbox 1005 2320 1286 2378; x_wconf 83' lang='lat' dir='ltr'><strong>inducatur,</strong></span> <span class='ocrx_word' id='word_1_193' title='bbox 1316 2318 1458 2386; x_wconf 62' lang='lat' dir='ltr'><strong>haud⁴</strong></span> 
     </span>
     <span class='ocr_line' id='line_1_29' title="bbox 82 2404 1456 2473; baseline -0.002 -18"><span class='ocrx_word' id='word_1_194' title='bbox 82 2409 260 2473; x_wconf 86' lang='lat' dir='ltr'><strong>operae</strong></span> <span class='ocrx_word' id='word_1_195' title='bbox 284 2405 503 2472; x_wconf 81' lang='lat' dir='ltr'><strong>pretium</strong></span> <span class='ocrx_word' id='word_1_196' title='bbox 528 2405 810 2455; x_wconf 85' lang='lat' dir='ltr'><strong>existimans</strong></span> <span class='ocrx_word' id='word_1_197' title='bbox 831 2421 947 2453; x_wconf 88' lang='lat' dir='ltr'><strong>cum</strong></span> <span class='ocrx_word' id='word_1_198' title='bbox 972 2404 1210 2471; x_wconf 88' lang='lat' dir='ltr'><strong>imperitis</strong></span> <span class='ocrx_word' id='word_1_199' title='bbox 1227 2404 1456 2459; x_wconf 72' lang='lat' dir='ltr'><strong>numeris</strong></span> 
     </span>
     <span class='ocr_line' id='line_1_30' title="bbox 163 2515 1452 2576; baseline -0.004 -13"><span class='ocrx_word' id='word_1_200' title='bbox 163 2522 219 2576; x_wconf 94' lang='lat'><strong>(¹)</strong></span> <span class='ocrx_word' id='word_1_201' title='bbox 247 2521 313 2563; x_wconf 84' lang='lat' dir='ltr'><strong>Cf.</strong></span> <span class='ocrx_word' id='word_1_202' title='bbox 328 2519 449 2561; x_wconf 81' lang='lat' dir='ltr'><strong>sisA.</strong></span> <span class='ocrx_word' id='word_1_203' title='bbox 466 2517 708 2559; x_wconf 86' lang='lat' dir='ltr'><strong>Boeckhii</strong></span> <span class='ocrx_word' id='word_1_204' title='bbox 726 2520 776 2559; x_wconf 83' lang='lat' dir='ltr'><strong>V.</strong></span> <span class='ocrx_word' id='word_1_205' title='bbox 789 2520 838 2575; x_wconf 76' lang='lat' dir='ltr'><strong>C.</strong></span> <span class='ocrx_word' id='word_1_206' title='bbox 859 2517 1160 2559; x_wconf 74' lang='lat' dir='ltr'><strong>Seaatshaush.</strong></span> <span class='ocrx_word' id='word_1_207' title='bbox 1163 2515 1252 2556; x_wconf 85' lang='lat' dir='ltr'><strong>der</strong></span> <span class='ocrx_word' id='word_1_208' title='bbox 1264 2516 1452 2558; x_wconf 74' lang='lat' dir='ltr'><strong>Athener</strong></span> 
     </span>
     <span class='ocr_line' id='line_1_31' title="bbox 78 2583 1316 2639; baseline 0.002 -16"><span class='ocrx_word' id='word_1_209' title='bbox 78 2585 279 2639; x_wconf 80' lang='lat' dir='ltr'><strong>1‚.p.244;</strong></span> <span class='ocrx_word' id='word_1_210' title='bbox 299 2584 641 2630; x_wconf 80' lang='lat' dir='ltr'><strong>Wachsmuth:</strong></span> <span class='ocrx_word' id='word_1_211' title='bbox 663 2586 829 2626; x_wconf 77' lang='lat' dir='ltr'><strong>Hellen.</strong></span> <span class='ocrx_word' id='word_1_212' title='bbox 846 2583 1316 2633; x_wconf 70' lang='lat' dir='ltr'><strong>Auertkumk.1‚1oo.</strong></span> 
     </span>
    </p>
   </div>
  </div>
 </body>
</html>
