1669 2878
574 49 1037 86 PROLEGOMRNA.
1362 80 1365 83 .
1432 43 1493 86 23

128 163 187 213 da
203 162 223 228 (
232 161 295 227 ¹).
326 158 391 210 Et
406 159 519 229 quis
536 168 608 210 est
623 175 778 227 quem
794 156 938 208 lateat
952 155 1289 229 pulcherrima
1305 160 1493 211 eadem-

127 262 225 314 que
253 243 533 322 gravissima
556 240 691 315 apud
708 239 1002 291 Ciceronem
1026 257 1181 310 super
1203 241 1279 292 his
1303 254 1492 295 senten·

125 330 210 378 tia:
237 326 531 392 „Quattuor
542 326 602 376 de
620 325 779 376 causis
796 325 849 379 in
866 326 1040 376 animis
1055 324 1322 375 hominum
1338 328 1490 379 infor-

125 419 275 460 matas
302 428 406 461 esse
433 409 644 462 deorum
665 409 894 457 notiones
920 394 1046 460 dixit
1062 407 1354 471 Cleanthe„
1374 428 1490 477 qua·

122 512 237 542 rum
254 511 408 543 unam
426 507 638 558 eamque
651 484 732 539 vel
747 491 1009 540 maximam
1026 489 1373 559 aequalitatem
1390 510 1491 545 mo,-

123 585 221 635 tus,
250 567 625 626 conversionem
650 570 800 633 coeli;
830 571 966 631 solis,
994 572 1145 623 lunae
1169 573 1490 644 siderumque

122 658 348 706 omnium
380 654 765 714 distinctionem,
801 657 1105 716 varietatem,
1149 655 1487 724 pulchritudi-

120 756 253 798 nem,
275 736 525 797 ordinem;
555 756 770 806 quarum
787 735 958 787 rerum
974 737 1233 808 adspectus
1252 741 1357 810 ipse
1373 742 1489 791 satis

119 820 373 881 indicaret,
394 839 496 872 non
516 839 619 872 esse
635 838 691 870 ea
707 818 930 871 fortuita.
952 820 1024 890 Ut
1035 821 1075 869 si
1089 822 1201 888 quis
1214 815 1267 870 in
1280 822 1492 872 domum-

118 902 336 972 aliquam
362 912 451 954 aut
475 905 528 953 in
556 904 868 973 gymnasium
891 910 980 952 aut
1001 904 1056 952 in
1080 902 1252 953 forum
1275 892 1485 963 venerit,

119 1004 279 1055 quum
303 986 483 1037 viderit
508 986 735 1036 omnium
759 1003 927 1034 rerum
957 987 1221 1044 rationem,
1255 987 1483 1047 modum,

118 1069 447 1139 disciplinam,
466 1087 570 1119 non
587 1069 742 1138 possit
759 1086 814 1118 ea
832 1069 939 1118 sine
956 1086 1101 1118 causa
1118 1067 1226 1118 fieri
1244 1068 1482 1131 iudicare,

116 1151 199 1201 sed
227 1168 331 1201 esse
356 1149 574 1218 aliquem
598 1151 688 1218 qui
714 1149 972 1217 intelligat,
1004 1152 1093 1217 qui
1119 1153 1304 1218 praesit
1326 1161 1381 1201 et
1404 1155 1485 1200 eui

115 1242 371 1302 pareatur:
399 1232 562 1283 multo
585 1233 738 1300 magis
756 1233 811 1281 in
826 1232 976 1282 tantis
993 1231 1298 1283 motionibus
1315 1236 1486 1303 tantis-

116 1333 216 1385 que
241 1315 682 1376 vicissitudinibus,
709 1323 812 1364 tam
837 1313 1111 1365 multarum
1137 1333 1308 1365 rerum
1334 1325 1485 1385 atque

114 1409 360 1449 tantarum
386 1399 660 1457 ordinibus,
691 1400 745 1448 in
773 1399 960 1466 quibus
983 1397 1114 1448 nihil
1139 1417 1366 1468 unquam
1391 1403 1484 1449 im-

114 1500 281 1533 mensa
299 1491 349 1533 et
363 1482 557 1533 infinita
570 1490 784 1533 vetustas
798 1482 1001 1532 mentita
1012 1480 1083 1540 fit,
1094 1490 1486 1533 statuatnecesse

114 1573 204 1624 est,
232 1564 483 1633 abvahqua
504 1574 675 1614 mente
698 1574 862 1614 tantos
883 1574 1088 1614 naturae
1111 1574 1277 1614 motus
1299 1566 1483 1631 guber-

112 1646 262 1695 nari''
280 1647 373 1714 (2).
409 1646 646 1697 Ceterum
670 1645 868 1696 silentio
884 1646 1301 1714 praetereundum
1316 1649 1482 1697 neuti-

113 1748 264 1799 quam
281 1728 495 1790 videtur,
525 1728 658 1799 apud
673 1728 825 1778 Indos
848 1745 1073 1797 quoque,
1099 1727 1180 1778 vel
1196 1731 1480 1798 antiquissi-

111 1831 219 1863 mos
226 1814 448 1866 Orientis
464 1811 700 1882 populos,
716 1811 1007 1878 religionem
1024 1821 1074 1860 et
1090 1810 1481 1881 philosophiam,

112 1898 383 1947 arctissimo
401 1895 622 1965 quodam
637 1893 842 1945 vinculo
859 1911 1028 1953 nexas,
1052 1913 1081 1943 a
1098 1894 1317 1946 siderum
1332 1914 1482 1947 vene-

111 1980 303 2028 ratione
320 1976 564 2047 originem
582 1987 805 2047 repetere
823 1979 1055 2046 primam.
1091 1977 1222 2027 Sane
1239 1980 1280 2027 si
1300 1979 1480 2028 doctis—

111 2062 222 2110 simi
251 2060 481 2120 ahcuius,
511 2079 741 2129 magnam
768 2060 835 2110 ob
861 2058 1106 2109 Indorum
1133 2062 1483 2128 antiquitatem

191 2234 254 2290 (¹)
282 2234 409 2289 mog.
426 2236 561 2277 Laert.
571 2237 632 2287 11,
643 2237 824 2292 cap-111,
839 2234 931 2278 n-6.
945 2234 998 2277 de
1011 2235 1262 2292 Anaxagora:
1281 2231 1480 2292 ἐρωτηθείς

110 2319 200 2343 ποτε
220 2304 270 2345 εἷς
287 2298 326 2342 τί
341 2296 553 2356 «γεγένηταις
571 2304 623 2345 εἷς
640 2300 804 2362 θεωρίαν
822 2299 1017 2357 ἕφῆἦλῖου
1035 2298 1099 2343 καὶ
1117 2298 1274 2352 σελήνης
1289 2297 1352 2341 καὶ
1370 2301 1481 2357 οὐρα-

113 2374 193 2411 νοῦι
223 2369 333 2425 quod
358 2384 506 2425 magno
530 2369 776 2414 documento
799 2384 881 2422 esse
900 2362 1042 2420 debet,
1071 2382 1314 2425 magnopere
1340 2382 1479 2409 rerum

111 2434 347 2479 coelestium
364 2434 613 2478 sublimitate
628 2437 795 2478 affectos
811 2448 892 2476 esse
909 2435 1126 2475 hominum
1143 2434 1313 2475 animos.

194 2505 252 2559 (²)
279 2504 369 2548 Cic.
381 2503 433 2546 de
447 2513 537 2546 nat.
548 2502 666 2545 deor.
679 2505 740 2556 11,
749 2503 791 2554 5;
811 2503 869 2545 cf.
885 2501 992 2545 ibid.
1011 2500 1216 2559 insignem
1232 2500 1372 2546 locum
1389 2517 1481 2560 cap.

114 2571 179 2611 37.
197 2571 271 2613 uhi
286 2570 517 2613 Aristotelis
534 2566 730 2611 sententia
743 2569 887 2611 Latine
903 2578 963 2610 cst
975 2582 1100 2609 versa.
