1669 2878
165 109 223 153 16
617 122 791 155 mnan
827 122 1065 160 rancus.

159 237 236 279 cta
260 228 450 280 'habere
473 228 673 286 debent,
701 246 867 297 quum
890 232 1118 301 ipsorum
1136 233 1398 286 commoda
1413 236 1528 300 aci·

155 311 318 363 vitatis
336 309 493 364 salute
506 327 611 362 non
627 312 783 380 magis
798 311 965 366 divelli
982 324 1186 383 queant,
1209 316 1364 384 quam
1379 334 1529 370 mem·

155 395 561 446 brorum-sanitas
578 398 850 462 a-corporis
872 395 1228 449 incolumitate.
1275 399 1348 449 Ut
1360 409 1529 450 autem

158 495 252 528 suo
285 493 495 527 munere
525 474 768 544 fungatur
800 477 1107 548 respublica,
1144 480 1330 531 civium
1363 482 1528 549 quivis

157 568 351 610 certum
368 557 621 627 quoddam
637 557 880 619 officium,
897 578 1003 630 quo
1021 561 1082 612 ad
1095 578 1413 613 communem
1427 580 1529 613 om·

153 644 299 691 nium
324 641 592 711 utilitatem
617 640 809 711 aliquid
835 644 1079 706 conferat,
1106 645 1282 697 subeat
1297 656 1346 698 et
1361 655 1522 704 curet,

152 742 352 776 necesse
366 732 441 776 est
449 744 463 785 3
483 723 620 777 unde
637 724 835 778 ordines
853 724 928 776 illi
946 728 1066 778 varii
1082 728 1213 780 bene
1229 728 1526 799 distinguen-

151 808 203 858 di
236 825 536 877 semperque
569 807 787 859 distincti
820 808 1098 878 prodeunt,
1139 828 1361 879 quorum
1392 829 1526 862 unus

152 890 360 960 quidem
384 899 458 942 est
475 908 673 950 eorum,
704 892 814 958 qui,
839 893 1058 953 universi
1087 901 1241 943 status
1267 910 1527 944 conserva-

153 974 279 1025 tioni
298 971 633 1032 consulentes,
663 981 881 1024 rectores
906 973 1013 1024 eius
1037 981 1088 1024 et
1105 972 1355 1025 habentur
1371 983 1421 1026 et
1436 992 1526 1027 vo-

151 1064 348 1114 cantur,
373 1054 501 1106 alter
515 1066 684 1105 autem
701 1073 899 1114 eorum,
928 1058 1018 1123 qui
1036 1055 1345 1108 naturalibus
1361 1059 1525 1127 iisque

149 1139 325 1207 primis
356 1138 487 1188 vitae
519 1137 895 1189 necessitatibus
936 1147 1140 1208 operam
1171 1138 1315 1201 dant,
1361 1158 1525 1209 quum

151 1238 295 1289 agros
311 1218 498 1278 colant,
525 1238 553 1270 e
570 1220 757 1288 quihus
774 1219 1015 1275 alimenta.
1025 1223 1304 1290 capiantur,
1333 1224 1524 1292 quique

149 1303 267 1354 inde
301 1301 548 1371 agricolae
577 1303 903 1353 nominantur
929 1310 979 1352 et
1005 1302 1300 1355 dividuntur
1322 1306 1377 1355 in
1402 1305 1523 1356 duas

147 1395 333 1456 partes,
355 1403 576 1454 quarum
592 1385 742 1437 altera
769 1393 843 1437 est
866 1385 971 1455 agri
994 1403 1353 1455 possessorum,
1372 1387 1523 1440 altera

149 1471 256 1537 agri
290 1466 546 1520 cultorum·
579 1484 670 1518 seu
702 1469 1010 1519 rusticorum
1043 1471 1248 1538 proprie
1273 1470 1343 1521 ita
1369 1469 1522 1523 dicto-

147 1569 282 1611 rum,
322 1559 373 1602 et
398 1551 576 1602 tertius
606 1549 825 1619 denique
851 1551 1014 1603 omnis
1038 1553 1229 1619 generis
1256 1551 1518 1621 opificum3

145 1636 237 1704 qui
255 1633 453 1687 ordines
470 1631 682 1686 salutem
702 1635 913 1686 civitatis
932 1642 983 1686 et
1000 1633 1225 1686 condunt
1238 1643 1289 1686 et
1301 1634 1518 1689 firmant:

144 1717 198 1769 id
223 1716 363 1786 quod
390 1719 431 1769 si
459 1734 688 1786 unquam
714 1714 1046 1784 neglexerunt
1071 1716 1276 1786 populi,
1306 1718 1401 1768 sibi
1427 1721 1521 1789 ipsi

143 1801 414 1870 perniciosi
431 1807 551 1851 sunt
567 1799 706 1851 facti.
753 1798 1108 1867 Civitasjgitur
1123 1816 1355 1868 quaeque
1371 1802 1522 1851 vitam

147 1901 289 1933 suam
304 1881 792 1938 factisdemonstrat,
820 1880 1009 1946 quibus
1031 1879 1204 1931 locum
1227 1880 1446 1948 aliquem
1467 1885 1520 1933 in

80 1998 83 2003 .
143 1964 352 2016 historia
372 1959 642 2019 universali
659 1977 907 2030 occupare
924 1958 1068 2013 solet.
1104 1960 1176 2012 At
1191 1971 1305 2031 post
1324 1974 1519 2032 peracta

143 2047 274 2099 sacta
298 2056 349 2097 et
371 2046 474 2097 fata
494 2053 710 2115 pereunt
733 2045 954 2095 civitates
977 2053 1041 2094 ut
1062 2043 1245 2113 singuli
1270 2044 1516 2108 homines,

145 2139 206 2180 ut
230 2129 371 2181 alteri
395 2131 543 2199 eique
567 2130 759 2181 iuniori
782 2126 977 2180 cedant.

676 2278 895 2330 CAPUT
931 2279 990 2329 V.

279 2378 553 2428 Historiam
570 2378 818 2445 cuiusque
833 2373 1011 2445 populi
1033 2377 1189 2427 trium
1204 2377 1518 2445 potissimum

143 2462 469 2531 periodorum
478 2477 568 2510 seu
578 2458 887 2529 epocharum
896 2474 1169 2530 earumque
1178 2458 1518 2510 diversissima-

145 2563 260 2596 rum
278 2545 455 2597 orbem
470 2559 785 2614 percurrere,
812 2542 853 2594 si
871 2550 1056 2594 attente
1074 2540 1430 2602 observaveris,
1449 2542 1517 2594 fa-

146 2624 240 2676 cile
256 2626 500 2685 invenies;
520 2642 738 2694 quarum
754 2642 856 2675 una
871 2626 1159 2675 continetur
1174 2625 1327 2674 initiis
1343 2627 1518 2694 primis
