1669 2878
128 128 193 173 44
562 131 765 174 'mann
801 140 1036 176 vanans.

124 248 466 315 omniumque
484 247 808 298 admiratione
844 247 1338 315 dignissimo-Kantio
1373 255 1494 299 con·
1576 291 1580 294 .

125 331 242 389 dito,
259 329 475 383 alterum
491 339 658 380 autem
673 348 702 379 e
721 333 1046 401 scepticismo‚
1062 330 1124 380 ab
1134 330 1492 401 Humiopotis·

124 415 309 464 simum
325 421 581 471 renovato,
603 413 943 482 profectum(1
955 417 991 482 ).

259 500 337 547 De
351 496 798 546 eruditissimorum
815 509 981 548 autem
1003 498 1246 554 virorum,
1273 515 1495 565 quorum

124 582 405 649 gravissima
423 581 558 631 estin
571 579 753 630 talibus
766 581 915 632 rebus
928 572 1211 638 auctoritas,
1233 581 1490 641 sententia,

120 662 259 714 nulla
279 664 485 713 omnino
504 660 821 732 philosophia
838 682 930 732 per
949 682 1001 713 se
1018 673 1091 714 est
1107 662 1386 721 reiicienda,
1408 663 1495 713 sed

119 747 290 813 potius
309 745 431 814 quid
448 746 553 794 veri
572 746 623 793 in
644 751 947 814 unaquaque
969 745 1118 797 lateat
1135 744 1493 816 explorandum

119 837 169 877 et
186 828 575 897 agnoscendum,
605 830 781 896 visque
805 831 912 878 eius
938 830 993 877 in
1017 828 1328 879 formandam
1352 827 1492 879 locu-

119 910 506 979 pletandamque
523 911 801 960 doctrinam
818 911 1168 976 investiganda,
1189 929 1351 976 quum
1368 911 1494 959 nihil

119 993 260 1062 quod
279 995 406 1043 ratio
429 992 647 1042 humana
670 1010 895 1061 unquam
920 992 1267 1061 procreaverit,
1294 993 1493 1060 penitus

116 1078 299 1145 perire,
321 1074 473 1125 nullis
492 1094 699 1145 prorsus
715 1075 899 1125 relictis
918 1077 1150 1144 vestigiis,
1169 1092 1314 1144 posse
1329 1075 1492 1126 videa-

115 1168 218 1209 tur.
258 1160 321 1209 Et
344 1158 594 1227 profecto,
625 1162 666 1210 si
692 1178 753 1209 ex
778 1159 1028 1210 veteribus
1053 1156 1147 1210 illis
1165 1157 1491 1228 philosopho-

114 1259 233 1291 rum
265 1242 543 1291 rationibus
577 1240 704 1290 nihil
737 1242 798 1291 ad
832 1259 924 1295 nos
957 1243 1243 1310 pertineret,
1281 1240 1409 1290 nihil
1438 1243 1491 1290 in

114 1334 337 1374 nostram
375 1323 684 1392 disciplinam
717 1326 1010 1382 transiisset,
1048 1324 1182 1373 haud
1216 1333 1341 1374 esset
1375 1342 1506 1392 ope-,

38 1441 41 1444 -
113 1424 199 1456 rae
219 1408 458 1476 pretium,
486 1408 749 1476 praeterita
767 1408 855 1456 ista
875 1415 924 1455 et
942 1407 1082 1474 quasi
1099 1415 1297 1456 mortua
1317 1424 1491 1456 curare

116 1498 360 1557 tantoque
376 1489 547 1540 labore
561 1509 622 1540 ex
640 1492 945 1557 antiquitatis
961 1489 1262 1540 obscuritate
1279 1491 1331 1538 in
1349 1508 1489 1558 prae,-

116 1574 301 1622 sentiae
319 1571 485 1622 lucem
503 1571 814 1641 protrahere.

252 1655 337 1704 Uti
355 1673 476 1704 vero
491 1657 595 1723 ipsa
611 1653 927 1723 philosophia
940 1672 1027 1705 seu
1037 1655 1143 1704 veri
1158 1654 1488 1722 cognoscendi

113 1736 391 1807 disciplina,
413 1757 441 1787 a
459 1737 767 1808 simplicibus
793 1739 955 1806 iisque
979 1737 1189 1788 rudibus
1215 1746 1265 1788 et
1288 1737 1488 1788 incultis

111 1822 263 1871 initiis
281 1820 526 1889 profecta,
548 1823 729 1880 sensim
748 1821 808 1869 ad
828 1823 1013 1870 maiora
1036 1821 1317 1888 eademque¹
1333 1820 1488 1870 subli-

111 1905 271 1953 miora
304 1904 572 1971 processit}
612 1906 683 1952 sic
716 1904 865 1952 etiam
891 1902 1097 1952 historia
1121 1901 1484 1971 philosophiae,

112 1985 320 2036 eandem
348 1995 516 2037 secuta
550 1987 709 2043 viam,
746 1985 809 2034 ab
839 1985 1092 2035 elementis
1119 2003 1210 2034 nos
1242 1984 1302 2033 ad
1327 1987 1487 2036 incre-

110 2080 279 2120 menta
313 2079 362 2120 et
396 2069 591 2137 fastigia
625 2070 889 2136 sapientiae
923 2067 1076 2135 longo
1111 2070 1286 2118 itinere
1321 2068 1483 2131 ducit;

112 2171 286 2220 quare,
317 2154 557 2221 quoniam
581 2153 634 2201 in
661 2153 766 2221 ipsa
798 2150 969 2201 eadem
1000 2145 1281 2222 progressio
1317 2170 1486 2203 neces·

109 2238 237 2287 saria
261 2237 527 2304 reperitur,
556 2247 766 2306 systema
784 2235 1037 2304 quoddam
1054 2245 1126 2287 est
1140 2236 1382 2287 rationale
1398 2255 1487 2287 seu

109 2321 316 2370 scientia
342 2317 703 2388 philosophica.
742 2320 898 2369 Recte
928 2322 1096 2387 itaque
1122 2319 1218 2370 dici
1247 2321 1482 2377 arbitror,

109 2402 368 2455 historiam
392 2388 736 2472 philosophiae
760 2420 865 2451 non
888 2404 983 2452 nisi
1008 2421 1035 2450 a
1052 2401 1364 2471 philosophis
1384 2419 1487 2451 esse

194 2530 254 2588 (¹)
283 2533 346 2572 De
365 2539 541 2586 utroque
556 2530 747 2572 disseruit
764 2532 836 2572 He
847 2531 1007 2587 gelius
1020 2532 1135 2573 V.C.
1155 2530 1214 2571 in:
1234 2531 1489 2585 Encyclopc'z‘-

110 2598 178 2639 die
195 2601 273 2641 der
288 2600 655 2655 philosophischen
677 2601 747 2645 W
744 2601 1046 2653 issenscbaflen
1063 2598 1129 2641 ed.
1145 2599 1218 2641 alt.
1235 2599 1276 2653 ἕ.
1291 2600 1344 2653 37
1359 2611 1450 2653 sqq.
