<?xml version="1.0" encoding="UTF-8"?>
<!DOCTYPE html PUBLIC "-//W3C//DTD XHTML 1.0 Transitional//EN"
    "http://www.w3.org/TR/xhtml1/DTD/xhtml1-transitional.dtd">
<html xmlns="http://www.w3.org/1999/xhtml" xml:lang="en" lang="en">
 <head>
  <title>
</title>
<meta http-equiv="Content-Type" content="text/html;charset=utf-8" />
  <meta name='ocr-system' content='tesseract 3.04.00' />
  <meta name='ocr-capabilities' content='ocr_page ocr_carea ocr_par ocr_line ocrx_word'/>
</head>
<body>
  <div class='ocr_page' id='page_1' title='image "4738040_0050.png"; bbox 0 0 1669 2878; ppageno 0'>
   <div class='ocr_carea' id='block_1_1' title="bbox 155 147 1072 197">
    <p class='ocr_par' dir='ltr' id='par_1_1' title="bbox 155 147 1072 197">
     <span class='ocr_line' id='line_1_1' title="bbox 155 147 1072 197; baseline -0.004 0"><span class='ocrx_word' id='word_1_1' title='bbox 155 147 222 197; x_wconf 80' lang='lat'><strong>&#39;34</strong></span> <span class='ocrx_word' id='word_1_2' title='bbox 610 151 799 195; x_wconf 60' lang='grc' dir='ltr'><strong>ιιίιιςιί</strong></span> <span class='ocrx_word' id='word_1_3' title='bbox 827 153 1072 195; x_wconf 62' lang='lat' dir='ltr'><strong>rannus,</strong></span> 
     </span>
    </p>
   </div>
   <div class='ocr_carea' id='block_1_2' title="bbox 148 256 1534 1636">
    <p class='ocr_par' dir='ltr' id='par_1_2' title="bbox 148 256 1534 1636">
     <span class='ocr_line' id='line_1_2' title="bbox 156 256 1529 341; baseline -0.001 -23"><span class='ocrx_word' id='word_1_4' title='bbox 156 262 316 341; x_wconf 75' lang='lat' dir='ltr'><strong>&#39;quam</strong></span> <span class='ocrx_word' id='word_1_5' title='bbox 339 260 473 340; x_wconf 86' lang='lat' dir='ltr'><strong>ipsos</strong></span> <span class='ocrx_word' id='word_1_6' title='bbox 500 270 744 340; x_wconf 83' lang='lat' dir='ltr'><strong>prosequi</strong></span> <span class='ocrx_word' id='word_1_7' title='bbox 764 268 978 319; x_wconf 78' lang='lat' dir='ltr'>solerent</span> <span class='ocrx_word' id='word_1_8' title='bbox 998 268 1090 336; x_wconf 89' lang='lat'><strong>(¹).</strong></span> <span class='ocrx_word' id='word_1_9' title='bbox 1109 257 1263 316; x_wconf 47' lang='lat' dir='ltr'><strong>&gt;Haec</strong></span> <span class='ocrx_word' id='word_1_10' title='bbox 1290 275 1364 317; x_wconf 82' lang='lat' dir='ltr'><strong>est</strong></span> <span class='ocrx_word' id='word_1_11' title='bbox 1383 256 1529 316; x_wconf 43' lang='lat' dir='ltr'><strong>&#39;etiam</strong></span> 
     </span>
     <span class='ocr_line' id='line_1_3' title="bbox 160 351 1532 420; baseline -0.002 -17"><span class='ocrx_word' id='word_1_12' title='bbox 160 366 328 411; x_wconf 79' lang='lat' dir='ltr'><strong>causa,</strong></span> <span class='ocrx_word' id='word_1_13' title='bbox 360 356 427 403; x_wconf 88' lang='lat' dir='ltr'><strong>ob</strong></span> <span class='ocrx_word' id='word_1_14' title='bbox 445 372 596 420; x_wconf 83' lang='lat' dir='ltr'><strong>quam</strong></span> <span class='ocrx_word' id='word_1_15' title='bbox 613 356 863 402; x_wconf 72' lang='lat' dir='ltr'><strong>victorum</strong></span> <span class='ocrx_word' id='word_1_16' title='bbox 890 357 944 400; x_wconf 89' lang='lat' dir='ltr'><strong>in</strong></span> <span class='ocrx_word' id='word_1_17' title='bbox 968 351 1099 399; x_wconf 83' lang='lat' dir='ltr'><strong>ludis</strong></span> <span class='ocrx_word' id='word_1_18' title='bbox 1125 354 1311 400; x_wconf 86' lang='lat' dir='ltr'><strong>mentio</strong></span> <span class='ocrx_word' id='word_1_19' title='bbox 1337 355 1389 399; x_wconf 90' lang='lat' dir='ltr'><strong>in</strong></span> <span class='ocrx_word' id='word_1_20' title='bbox 1416 355 1532 420; x_wconf 77' lang='lat' dir='ltr'><strong>ipsis</strong></span> 
     </span>
     <span class='ocr_line' id='line_1_4' title="bbox 160 432 1534 504; baseline -0.004 -16"><span class='ocrx_word' id='word_1_21' title='bbox 160 437 401 493; x_wconf 75' lang='lat' dir='ltr'><strong>encomiis</strong></span> <span class='ocrx_word' id='word_1_22' title='bbox 429 434 482 484; x_wconf 85' lang='lat' dir='ltr'><strong>fit</strong></span> <span class='ocrx_word' id='word_1_23' title='bbox 507 435 750 504; x_wconf 80' lang='lat' dir='ltr'><strong>perquam</strong></span> <span class='ocrx_word' id='word_1_24' title='bbox 779 434 996 486; x_wconf 83' lang='lat' dir='ltr'><strong>breviter</strong></span> <span class='ocrx_word' id='word_1_25' title='bbox 1019 432 1283 502; x_wconf 84' lang='lat' dir='ltr'><strong>verbisque</strong></span> <span class='ocrx_word' id='word_1_26' title='bbox 1306 434 1534 501; x_wconf 81' lang='lat' dir='ltr'><strong>paucissi-</strong></span> 
     </span>
     <span class='ocr_line' id='line_1_5' title="bbox 162 517 1529 583; baseline -0.001 -16"><span class='ocrx_word' id='word_1_27' title='bbox 162 521 256 567; x_wconf 86' lang='lat' dir='ltr'><strong>mis</strong></span> <span class='ocrx_word' id='word_1_28' title='bbox 276 519 365 583; x_wconf 82' lang='lat'>(2).</span> <span class='ocrx_word' id='word_1_29' title='bbox 394 546 447 555; x_wconf 88' lang='grc'>-</span> <span class='ocrx_word' id='word_1_30' title='bbox 488 518 565 565; x_wconf 84' lang='lat' dir='ltr'><strong>Ex</strong></span> <span class='ocrx_word' id='word_1_31' title='bbox 596 519 686 565; x_wconf 84' lang='lat' dir='ltr'><strong>ista</strong></span> <span class='ocrx_word' id='word_1_32' title='bbox 716 527 885 566; x_wconf 86' lang='lat' dir='ltr'><strong>autem</strong></span> <span class='ocrx_word' id='word_1_33' title='bbox 915 517 1097 566; x_wconf 79' lang='lat' dir='ltr'><strong>invidia</strong></span> <span class='ocrx_word' id='word_1_34' title='bbox 1127 524 1266 565; x_wconf 83' lang='lat' dir='ltr'><strong>ortus</strong></span> <span class='ocrx_word' id='word_1_35' title='bbox 1298 524 1371 564; x_wconf 88' lang='lat' dir='ltr'><strong>est</strong></span> <span class='ocrx_word' id='word_1_36' title='bbox 1403 534 1529 573; x_wconf 79' lang='lat' dir='ltr'><strong>mos,</strong></span> 
     </span>
     <span class='ocr_line' id='line_1_6' title="bbox 162 596 1534 669; baseline -0.003 -19"><span class='ocrx_word' id='word_1_37' title='bbox 162 617 334 650; x_wconf 88' lang='lat' dir='ltr'><strong>omnes</strong></span> <span class='ocrx_word' id='word_1_38' title='bbox 353 601 442 669; x_wconf 88' lang='lat' dir='ltr'><strong>qui</strong></span> <span class='ocrx_word' id='word_1_39' title='bbox 462 600 528 649; x_wconf 93' lang='lat' dir='ltr'><strong>ob</strong></span> <span class='ocrx_word' id='word_1_40' title='bbox 556 600 728 649; x_wconf 81' lang='lat' dir='ltr'><strong>meri-ta</strong></span> <span class='ocrx_word' id='word_1_41' title='bbox 751 598 868 649; x_wconf 84' lang='lat' dir='ltr'><strong>licet</strong></span> <span class='ocrx_word' id='word_1_42' title='bbox 888 601 1186 650; x_wconf 87' lang='lat' dir='ltr'><strong>sanctissima</strong></span> <span class='ocrx_word' id='word_1_43' title='bbox 1209 598 1355 648; x_wconf 90' lang='lat' dir='ltr'><strong>nimis</strong></span> <span class='ocrx_word' id='word_1_44' title='bbox 1380 596 1534 647; x_wconf 86' lang='lat' dir='ltr'><strong>excel·</strong></span> 
     </span>
     <span class='ocr_line' id='line_1_7' title="bbox 157 681 1533 751; baseline -0.001 -22"><span class='ocrx_word' id='word_1_45' title='bbox 157 681 319 731; x_wconf 87' lang='lat' dir='ltr'><strong>lerent</strong></span> <span class='ocrx_word' id='word_1_46' title='bbox 345 690 395 731; x_wconf 89' lang='lat' dir='ltr'><strong>et</strong></span> <span class='ocrx_word' id='word_1_47' title='bbox 421 691 686 751; x_wconf 88' lang='lat' dir='ltr'><strong>propterea</strong></span> <span class='ocrx_word' id='word_1_48' title='bbox 720 700 1045 751; x_wconf 80' lang='lat' dir='ltr'><strong>praegravare</strong></span> <span class='ocrx_word' id='word_1_49' title='bbox 1080 692 1268 732; x_wconf 88' lang='lat' dir='ltr'><strong>ceteros</strong></span> <span class='ocrx_word' id='word_1_50' title='bbox 1293 684 1533 729; x_wconf 83' lang='lat' dir='ltr'><strong>minaren-</strong></span> 
     </span>
     <span class='ocr_line' id='line_1_8' title="bbox 155 764 1533 833; baseline -0.001 -20"><span class='ocrx_word' id='word_1_51' title='bbox 155 774 257 822; x_wconf 82' lang='lat' dir='ltr'><strong>tur,</strong></span> <span class='ocrx_word' id='word_1_52' title='bbox 288 771 321 814; x_wconf 89' lang='lat' dir='ltr'><strong>e&#39;</strong></span> <span class='ocrx_word' id='word_1_53' title='bbox 343 765 575 816; x_wconf 77' lang='lat' dir='ltr'><strong>societate</strong></span> <span class='ocrx_word' id='word_1_54' title='bbox 602 768 861 815; x_wconf 85' lang='lat' dir='ltr'><strong>communi</strong></span> <span class='ocrx_word' id='word_1_55' title='bbox 888 764 1185 816; x_wconf 82' lang='lat' dir='ltr'><strong>excludendi</strong></span> <span class='ocrx_word' id='word_1_56' title='bbox 1207 774 1282 823; x_wconf 83' lang='lat' dir='ltr'><strong>et,</strong></span> <span class='ocrx_word' id='word_1_57' title='bbox 1314 783 1417 833; x_wconf 88' lang='lat' dir='ltr'><strong>quo</strong></span> <span class='ocrx_word' id='word_1_58' title='bbox 1444 782 1533 832; x_wconf 86' lang='lat' dir='ltr'><strong>pu-</strong></span> 
     </span>
     <span class='ocr_line' id='line_1_9' title="bbox 154 845 1534 920; baseline 0 -25"><span class='ocrx_word' id='word_1_59' title='bbox 154 845 317 897; x_wconf 80' lang='lat' dir='ltr'><strong>blicae</strong></span> <span class='ocrx_word' id='word_1_60' title='bbox 343 850 594 898; x_wconf 84' lang='lat' dir='ltr'><strong>securitati</strong></span> <span class='ocrx_word' id='word_1_61' title='bbox 623 846 986 905; x_wconf 82' lang='lat' dir='ltr'><strong>consuleretur,</strong></span> <span class='ocrx_word' id='word_1_62' title='bbox 1016 849 1069 896; x_wconf 88' lang='lat' dir='ltr'><strong>in</strong></span> <span class='ocrx_word' id='word_1_63' title='bbox 1087 847 1427 920; x_wconf 17' lang='lat' dir='ltr'><strong>decemxannos</strong></span> <span class='ocrx_word' id='word_1_64' title='bbox 1445 864 1534 916; x_wconf 91' lang='lat' dir='ltr'><strong>per</strong></span> 
     </span>
     <span class='ocr_line' id='line_1_10' title="bbox 157 924 1528 999; baseline -0.001 -19"><span class='ocrx_word' id='word_1_65' title='bbox 157 924 698 999; x_wconf 83' lang='lat' dir='ltr'><strong>ostracismum,quem</strong></span> <span class='ocrx_word' id='word_1_66' title='bbox 716 930 977 985; x_wconf 85' lang='lat' dir='ltr'><strong>vocabant,</strong></span> <span class='ocrx_word' id='word_1_67' title='bbox 999 931 1051 976; x_wconf 88' lang='lat' dir='ltr'><strong>in</strong></span> <span class='ocrx_word' id='word_1_68' title='bbox 1070 928 1275 977; x_wconf 82' lang='lat' dir='ltr'><strong>exilium</strong></span> <span class='ocrx_word' id='word_1_69' title='bbox 1294 927 1528 995; x_wconf 89' lang='lat' dir='ltr'><strong>pellendi:</strong></span> 
     </span>
     <span class='ocr_line' id='line_1_11' title="bbox 156 1011 1532 1081; baseline 0 -21"><span class='ocrx_word' id='word_1_70' title='bbox 156 1013 207 1061; x_wconf 89' lang='lat' dir='ltr'><strong>id</strong></span> <span class='ocrx_word' id='word_1_71' title='bbox 234 1012 393 1080; x_wconf 88' lang='lat' dir='ltr'><strong>quod,</strong></span> <span class='ocrx_word' id='word_1_72' title='bbox 425 1030 594 1080; x_wconf 88' lang='lat' dir='ltr'><strong>quum·</strong></span> <span class='ocrx_word' id='word_1_73' title='bbox 612 1014 679 1061; x_wconf 88' lang='lat' dir='ltr'><strong>ita</strong></span> <span class='ocrx_word' id='word_1_74' title='bbox 707 1012 884 1081; x_wconf 87' lang='lat' dir='ltr'><strong>optimi</strong></span> <span class='ocrx_word' id='word_1_75' title='bbox 912 1012 1105 1078; x_wconf 86' lang='lat' dir='ltr'><strong>quique</strong></span> <span class='ocrx_word' id='word_1_76' title='bbox 1122 1028 1150 1059; x_wconf 90' lang='lat' dir='ltr'><strong>e</strong></span> <span class='ocrx_word' id='word_1_77' title='bbox 1168 1011 1364 1060; x_wconf 58' lang='lat' dir='ltr'><strong>civitate</strong></span> <span class='ocrx_word' id='word_1_78' title='bbox 1387 1012 1532 1061; x_wconf 88' lang='lat' dir='ltr'><strong>eiice-</strong></span> 
     </span>
     <span class='ocr_line' id='line_1_12' title="bbox 153 1095 1531 1161; baseline 0.001 -20"><span class='ocrx_word' id='word_1_79' title='bbox 153 1104 331 1143; x_wconf 89' lang='lat' dir='ltr'><strong>rentur</strong></span> <span class='ocrx_word' id='word_1_80' title='bbox 357 1112 665 1161; x_wconf 83' lang='lat' dir='ltr'><strong>suarumque</strong></span> <span class='ocrx_word' id='word_1_81' title='bbox 687 1096 933 1142; x_wconf 85' lang='lat' dir='ltr'><strong>virtutum</strong></span> <span class='ocrx_word' id='word_1_82' title='bbox 958 1095 1176 1161; x_wconf 79' lang='lat' dir='ltr'><strong>praemia</strong></span> <span class='ocrx_word' id='word_1_83' title='bbox 1199 1103 1431 1161; x_wconf 84' lang='lat' dir='ltr'><strong>caperent</strong></span> <span class='ocrx_word' id='word_1_84' title='bbox 1454 1095 1531 1142; x_wconf 88' lang='lat' dir='ltr'><strong>in·</strong></span> 
     </span>
     <span class='ocr_line' id='line_1_13' title="bbox 152 1173 1530 1244; baseline 0 -20"><span class='ocrx_word' id='word_1_85' title='bbox 152 1176 436 1244; x_wconf 81' lang='lat' dir='ltr'><strong>dignissima</strong></span> <span class='ocrx_word' id='word_1_86' title='bbox 464 1185 513 1226; x_wconf 91' lang='lat' dir='ltr'><strong>et</strong></span> <span class='ocrx_word' id='word_1_87' title='bbox 539 1176 774 1227; x_wconf 89' lang='lat' dir='ltr'><strong>omnibus</strong></span> <span class='ocrx_word' id='word_1_88' title='bbox 801 1176 975 1225; x_wconf 85' lang='lat' dir='ltr'><strong>ceteris</strong></span> <span class='ocrx_word' id='word_1_89' title='bbox 1001 1176 1078 1225; x_wconf 92' lang='lat' dir='ltr'><strong>sui</strong></span> <span class='ocrx_word' id='word_1_90' title='bbox 1105 1173 1348 1225; x_wconf 80' lang='lat' dir='ltr'>similibus</span> <span class='ocrx_word' id='word_1_91' title='bbox 1366 1193 1530 1225; x_wconf 87' lang='lat' dir='ltr'><strong>exem-</strong></span> 
     </span>
     <span class='ocr_line' id='line_1_14' title="bbox 152 1255 1527 1327; baseline 0.001 -21"><span class='ocrx_word' id='word_1_92' title='bbox 152 1255 264 1327; x_wconf 70' lang='lat' dir='ltr'><strong>&#39;plat</strong></span> <span class='ocrx_word' id='word_1_93' title='bbox 288 1261 573 1327; x_wconf 83' lang='lat' dir='ltr'><strong>turpissime</strong></span> <span class='ocrx_word' id='word_1_94' title='bbox 588 1258 894 1325; x_wconf 57' lang='lat' dir='ltr'><strong>neglectae„</strong></span> <span class='ocrx_word' id='word_1_95' title='bbox 867 1257 1174 1307; x_wconf 70' lang='lat' dir='ltr'><strong>“ratitudinis</strong></span> <span class='ocrx_word' id='word_1_96' title='bbox 1195 1258 1527 1316; x_wconf 78' lang='lat' dir='ltr'><strong>ostenderent,</strong></span> 
     </span>
     <span class='ocr_line' id='line_1_15' title="bbox 152 1332 1528 1412; baseline 0.001 -22"><span class='ocrx_word' id='word_1_97' title='bbox 152 1332 383 1393; x_wconf 83' lang='lat' dir='ltr'><strong>meliores</strong></span> <span class='ocrx_word' id='word_1_98' title='bbox 414 1341 865 1412; x_wconf 84' lang='lat' dir='ltr'><strong>prudentioresque</strong></span> <span class='ocrx_word' id='word_1_99' title='bbox 895 1342 1078 1390; x_wconf 89' lang='lat' dir='ltr'><strong>sensim</strong></span> <span class='ocrx_word' id='word_1_100' title='bbox 1106 1340 1353 1391; x_wconf 82' lang='lat' dir='ltr'><strong>deterrere</strong></span> <span class='ocrx_word' id='word_1_101' title='bbox 1379 1351 1528 1409; x_wconf 85' lang='lat' dir='ltr'><strong>atque</strong></span> 
     </span>
     <span class='ocr_line' id='line_1_16' title="bbox 152 1421 1527 1491; baseline 0.001 -20"><span class='ocrx_word' id='word_1_102' title='bbox 152 1426 405 1473; x_wconf 84' lang='lat' dir='ltr'><strong>civitatem</strong></span> <span class='ocrx_word' id='word_1_103' title='bbox 431 1425 908 1491; x_wconf 82' lang='lat' dir='ltr'><strong>sapientissimorum</strong></span> <span class='ocrx_word' id='word_1_104' title='bbox 936 1421 1153 1471; x_wconf 87' lang='lat' dir='ltr'><strong>consiliis</strong></span> <span class='ocrx_word' id='word_1_105' title='bbox 1189 1424 1402 1490; x_wconf 78' lang='lat' dir='ltr'><strong>privare,</strong></span> <span class='ocrx_word' id='word_1_106' title='bbox 1446 1423 1527 1472; x_wconf 90' lang='lat' dir='ltr'><strong>de-</strong></span> 
     </span>
     <span class='ocr_line' id='line_1_17' title="bbox 151 1505 1526 1574; baseline 0.001 -20"><span class='ocrx_word' id='word_1_107' title='bbox 151 1508 444 1556; x_wconf 86' lang='lat' dir='ltr'><strong>trimentum</strong></span> <span class='ocrx_word' id='word_1_108' title='bbox 472 1506 689 1573; x_wconf 86' lang='lat' dir='ltr'><strong>denique</strong></span> <span class='ocrx_word' id='word_1_109' title='bbox 719 1514 870 1572; x_wconf 85' lang='lat' dir='ltr'><strong>atque</strong></span> <span class='ocrx_word' id='word_1_110' title='bbox 896 1506 1154 1555; x_wconf 82' lang='lat' dir='ltr'><strong>interitum</strong></span> <span class='ocrx_word' id='word_1_111' title='bbox 1182 1505 1330 1555; x_wconf 89' lang='lat' dir='ltr'><strong>rebus</strong></span> <span class='ocrx_word' id='word_1_112' title='bbox 1359 1505 1526 1574; x_wconf 90' lang='lat' dir='ltr'><strong>publi-</strong></span> 
     </span>
     <span class='ocr_line' id='line_1_18' title="bbox 148 1586 657 1636; baseline 0 -1"><span class='ocrx_word' id='word_1_113' title='bbox 148 1588 218 1636; x_wconf 92' lang='lat' dir='ltr'><strong>cis</strong></span> <span class='ocrx_word' id='word_1_114' title='bbox 237 1586 407 1636; x_wconf 87' lang='lat' dir='ltr'><strong>moliri</strong></span> <span class='ocrx_word' id='word_1_115' title='bbox 420 1586 657 1636; x_wconf 86' lang='lat' dir='ltr'><strong>debebat.</strong></span> 
     </span>
    </p>
   </div>
   <div class='ocr_carea' id='block_1_3' title="bbox 653 1700 1068 1788">
    <p class='ocr_par' dir='ltr' id='par_1_3' title="bbox 653 1700 1068 1788">
     <span class='ocr_line' id='line_1_19' title="bbox 653 1700 1068 1788; baseline -0.002 0"><span class='ocrx_word' id='word_1_116' title='bbox 653 1700 880 1788; x_wconf 74' lang='lat' dir='ltr'>CAPUT</span> <span class='ocrx_word' id='word_1_117' title='bbox 913 1736 1014 1787; x_wconf 86' lang='lat' dir='ltr'><strong>XI.</strong></span> <span class='ocrx_word' id='word_1_118' title='bbox 1065 1784 1068 1787; x_wconf 75' lang='grc'><strong><em>,</em></strong></span> 
     </span>
    </p>
   </div>
   <div class='ocr_carea' id='block_1_4' title="bbox 141 1830 1524 2150">
    <p class='ocr_par' dir='ltr' id='par_1_4' title="bbox 141 1830 1524 2150">
     <span class='ocr_line' id='line_1_20' title="bbox 277 1830 1524 1902; baseline 0 -19"><span class='ocrx_word' id='word_1_119' title='bbox 277 1837 337 1883; x_wconf 91' lang='lat' dir='ltr'><strong>In</strong></span> <span class='ocrx_word' id='word_1_120' title='bbox 356 1834 459 1892; x_wconf 81' lang='lat' dir='ltr'><strong>illa,</strong></span> <span class='ocrx_word' id='word_1_121' title='bbox 491 1846 644 1902; x_wconf 77' lang='lat' dir='ltr'><strong>quam</strong></span> <span class='ocrx_word' id='word_1_122' title='bbox 667 1830 817 1901; x_wconf 72' lang='lat' dir='ltr'><strong>Supra</strong></span> <span class='ocrx_word' id='word_1_123' title='bbox 832 1837 1237 1892; x_wconf 86' lang='lat' dir='ltr'><strong>memoravimus,</strong></span> <span class='ocrx_word' id='word_1_124' title='bbox 1268 1836 1524 1883; x_wconf 86' lang='lat' dir='ltr'><strong>civitatum</strong></span> 
     </span>
     <span class='ocr_line' id='line_1_21' title="bbox 145 1914 1521 1985; baseline 0.001 -21"><span class='ocrx_word' id='word_1_125' title='bbox 145 1916 454 1965; x_wconf 85' lang='lat' dir='ltr'><strong>Graecarum</strong></span> <span class='ocrx_word' id='word_1_126' title='bbox 478 1914 800 1963; x_wconf 82' lang='lat' dir='ltr'><strong>multitudine</strong></span> <span class='ocrx_word' id='word_1_127' title='bbox 826 1914 953 1963; x_wconf 86' lang='lat' dir='ltr'><strong>duae</strong></span> <span class='ocrx_word' id='word_1_128' title='bbox 969 1916 1211 1982; x_wconf 89' lang='lat' dir='ltr'><strong>imprimis</strong></span> <span class='ocrx_word' id='word_1_129' title='bbox 1229 1933 1414 1982; x_wconf 85' lang='lat' dir='ltr'><strong>eaeque</strong></span> <span class='ocrx_word' id='word_1_130' title='bbox 1432 1934 1521 1985; x_wconf 90' lang='lat' dir='ltr'><strong>po-</strong></span> 
     </span>
     <span class='ocr_line' id='line_1_22' title="bbox 142 1995 1521 2066; baseline -0.001 -17"><span class='ocrx_word' id='word_1_131' title='bbox 142 2000 441 2049; x_wconf 79' lang='lat' dir='ltr'><strong>tentissimae</strong></span> <span class='ocrx_word' id='word_1_132' title='bbox 459 2007 610 2066; x_wconf 85' lang='lat' dir='ltr'><strong>atque</strong></span> <span class='ocrx_word' id='word_1_133' title='bbox 628 1996 861 2055; x_wconf 81' lang='lat' dir='ltr'><strong>aemulae,</strong></span> <span class='ocrx_word' id='word_1_134' title='bbox 873 1995 1099 2046; x_wconf 85' lang='lat' dir='ltr'><strong>Athenae</strong></span> <span class='ocrx_word' id='word_1_135' title='bbox 1113 2006 1160 2046; x_wconf 88' lang='lat' dir='ltr'><strong>et</strong></span> <span class='ocrx_word' id='word_1_136' title='bbox 1170 1998 1521 2059; x_wconf 84' lang='lat' dir='ltr'><strong>Lacedaemon,</strong></span> 
     </span>
     <span class='ocr_line' id='line_1_23' title="bbox 141 2078 1516 2150; baseline 0.001 -20"><span class='ocrx_word' id='word_1_137' title='bbox 141 2083 240 2131; x_wconf 86' lang='lat' dir='ltr'><strong>iam</strong></span> <span class='ocrx_word' id='word_1_138' title='bbox 267 2102 295 2130; x_wconf 89' lang='lat' dir='ltr'><strong>a</strong></span> <span class='ocrx_word' id='word_1_139' title='bbox 322 2082 497 2150; x_wconf 86' lang='lat' dir='ltr'><strong>priscis</strong></span> <span class='ocrx_word' id='word_1_140' title='bbox 527 2082 616 2149; x_wconf 84' lang='lat' dir='ltr'><strong>qui</strong></span> <span class='ocrx_word' id='word_1_141' title='bbox 647 2079 708 2129; x_wconf 88' lang='lat' dir='ltr'><strong>de</strong></span> <span class='ocrx_word' id='word_1_142' title='bbox 737 2097 910 2129; x_wconf 88' lang='lat' dir='ltr'><strong>rerum</strong></span> <span class='ocrx_word' id='word_1_143' title='bbox 940 2078 1259 2148; x_wconf 82' lang='lat' dir='ltr'><strong>publicarum</strong></span> <span class='ocrx_word' id='word_1_144' title='bbox 1287 2084 1516 2148; x_wconf 84' lang='lat' dir='ltr'><strong>gerenda-</strong></span> 
     </span>
    </p>
   </div>
   <div class='ocr_carea' id='block_1_5' title="bbox 1274 2188 1513 2196">
    <p class='ocr_par' dir='ltr' id='par_1_5' title="bbox 1274 2188 1513 2196">
     <span class='ocr_line' id='line_1_24' title="bbox 1274 2188 1513 2196; baseline 0 682"><span class='ocrx_word' id='word_1_145' title='bbox 1274 2188 1513 2196; x_wconf 95' lang='lat' dir='ltr'><strong> </strong></span> 
     </span>
    </p>
   </div>
   <div class='ocr_carea' id='block_1_6' title="bbox 141 2188 408 2195">
    <p class='ocr_par' dir='ltr' id='par_1_6' title="bbox 141 2188 408 2195">
     <span class='ocr_line' id='line_1_25' title="bbox 141 2188 408 2195; baseline 0 683"><span class='ocrx_word' id='word_1_146' title='bbox 141 2188 408 2195; x_wconf 95' lang='lat' dir='ltr'><strong> </strong></span> 
     </span>
    </p>
   </div>
   <div class='ocr_carea' id='block_1_7' title="bbox 171 2213 1520 2301">
    <p class='ocr_par' dir='ltr' id='par_1_7' title="bbox 171 2213 1520 2301">
     <span class='ocr_line' id='line_1_26' title="bbox 171 2213 1520 2301; baseline 0.001 -15"><span class='ocrx_word' id='word_1_147' title='bbox 171 2239 173 2242; x_wconf 56' lang='grc'><strong>’</strong></span> <span class='ocrx_word' id='word_1_148' title='bbox 225 2245 281 2300; x_wconf 89' lang='lat'><strong>(¹)</strong></span> <span class='ocrx_word' id='word_1_149' title='bbox 311 2246 373 2286; x_wconf 84' lang='lat' dir='ltr'><strong>cf.</strong></span> <span class='ocrx_word' id='word_1_150' title='bbox 384 2213 569 2301; x_wconf 56' lang='lat' dir='ltr'><strong>Thucyd.</strong></span> <span class='ocrx_word' id='word_1_151' title='bbox 580 2248 630 2297; x_wconf 84' lang='lat'><strong>11,</strong></span> <span class='ocrx_word' id='word_1_152' title='bbox 644 2245 713 2288; x_wconf 86' lang='lat'><strong>35.</strong></span> <span class='ocrx_word' id='word_1_153' title='bbox 733 2246 846 2286; x_wconf 84' lang='lat' dir='ltr'><strong>Hinc</strong></span> <span class='ocrx_word' id='word_1_154' title='bbox 859 2245 1077 2300; x_wconf 79' lang='lat' dir='ltr'><strong>praeclare,</strong></span> <span class='ocrx_word' id='word_1_155' title='bbox 1093 2254 1141 2287; x_wconf 87' lang='lat' dir='ltr'><strong>ut</strong></span> <span class='ocrx_word' id='word_1_156' title='bbox 1154 2247 1305 2298; x_wconf 87' lang='lat' dir='ltr'><strong>omnia,</strong></span> <span class='ocrx_word' id='word_1_157' title='bbox 1322 2248 1520 2288; x_wconf 77' lang='lat' dir='ltr'><strong>Pindarus</strong></span> 
     </span>
    </p>
   </div>
   <div class='ocr_carea' id='block_1_8' title="bbox 274 2387 1359 2573">
    <p class='ocr_par' dir='ltr' id='par_1_8' title="bbox 277 2387 1043 2448">
     <span class='ocr_line' id='line_1_27' title="bbox 277 2387 1043 2448; baseline 0 -30"><span class='ocrx_word' id='word_1_158' title='bbox 277 2389 415 2430; x_wconf 31' lang='grc' dir='ltr'><strong><em>καιρόνιςί</em></strong></span> <span class='ocrx_word' id='word_1_159' title='bbox 433 2387 568 2448; x_wconf 51' lang='lat' dir='ltr'><strong>spsiyga:</strong></span> <span class='ocrx_word' id='word_1_160' title='bbox 560 2401 591 2425; x_wconf 79' lang='grc' dir='ltr'><strong>ιο,</strong></span> <span class='ocrx_word' id='word_1_161' title='bbox 609 2389 717 2425; x_wconf 77' lang='grc' dir='ltr'><strong><em>πολλων</em></strong></span> <span class='ocrx_word' id='word_1_162' title='bbox 703 2388 829 2427; x_wconf 59' lang='lat' dir='ltr'><strong>voi-eigai·</strong></span> <span class='ocrx_word' id='word_1_163' title='bbox 814 2400 850 2416; x_wconf 83' lang='grc' dir='ltr'><strong>τα</strong></span> <span class='ocrx_word' id='word_1_164' title='bbox 867 2400 978 2417; x_wconf 73' lang='grc' dir='ltr'><strong><em>σνντανυ</em></strong></span> <span class='ocrx_word' id='word_1_165' title='bbox 982 2400 1029 2418; x_wconf 71' lang='lat' dir='ltr'><strong>ertu</strong></span> <span class='ocrx_word' id='word_1_166' title='bbox 1031 2401 1043 2420; x_wconf 79' lang='grc' dir='ltr'><strong><em>ς</em></strong></span> 
     </span>
    </p>

    <p class='ocr_par' dir='ltr' id='par_1_9' title="bbox 274 2434 1359 2573">
     <span class='ocr_line' id='line_1_28' title="bbox 278 2434 1329 2478; baseline -0.003 -10.863"><span class='ocrx_word' id='word_1_167' title='bbox 278 2436 442 2478; x_wconf 74' lang='grc' dir='ltr'><strong><em>ενβςαχεῖ,</em></strong></span> <span class='ocrx_word' id='word_1_168' title='bbox 460 2438 537 2472; x_wconf 76' lang='grc' dir='ltr'><strong><em>μείων</em></strong></span> <span class='ocrx_word' id='word_1_169' title='bbox 554 2436 600 2470; x_wconf 74' lang='grc' dir='ltr'><strong>ἕπε</strong></span> <span class='ocrx_word' id='word_1_170' title='bbox 602 2449 648 2466; x_wconf 73' lang='lat' dir='ltr'><strong>raa</strong></span> <span class='ocrx_word' id='word_1_171' title='bbox 665 2449 758 2472; x_wconf 81' lang='grc' dir='ltr'><strong><em>μωμος</em></strong></span> <span class='ocrx_word' id='word_1_172' title='bbox 776 2436 939 2477; x_wconf 60' lang='grc' dir='ltr'><strong><em>ἀνθρωπων.</em></strong></span> <span class='ocrx_word' id='word_1_173' title='bbox 958 2437 1016 2466; x_wconf 68' lang='grc' dir='ltr'><strong>ἀπὸ</strong></span> <span class='ocrx_word' id='word_1_174' title='bbox 1033 2438 1126 2478; x_wconf 64' lang='grc' dir='ltr'><em>«γὰρκ</em></span> <span class='ocrx_word' id='word_1_175' title='bbox 1129 2438 1187 2477; x_wconf 72' lang='grc' dir='ltr'><strong><em>ὄρος</em></strong></span> <span class='ocrx_word' id='word_1_176' title='bbox 1205 2434 1329 2470; x_wconf 73' lang='grc' dir='ltr'><strong><em>ἀμβλύνε</em></strong></span> 
     </span>
     <span class='ocr_line' id='line_1_29' title="bbox 276 2486 1359 2522; baseline 0 -9"><span class='ocrx_word' id='word_1_177' title='bbox 276 2486 376 2521; x_wconf 71' lang='grc' dir='ltr'><strong><em>αἶανῆς</em></strong></span> <span class='ocrx_word' id='word_1_178' title='bbox 391 2496 470 2522; x_wconf 68' lang='grc' dir='ltr'><strong><em>τεσχ</em></strong></span> <span class='ocrx_word' id='word_1_179' title='bbox 457 2487 515 2516; x_wconf 66' lang='grc' dir='ltr'><strong>εςῖα</strong></span> <span class='ocrx_word' id='word_1_180' title='bbox 532 2487 591 2514; x_wconf 77' lang='grc' dir='ltr'><strong>ἑλπι</strong></span> <span class='ocrx_word' id='word_1_181' title='bbox 589 2486 654 2516; x_wconf 62' lang='lat'><strong>&#39;8125-</strong></span> <span class='ocrx_word' id='word_1_182' title='bbox 1357 2518 1359 2521; x_wconf 29' lang='grc' dir='ltr'><strong><em>ι</em></strong></span> 
     </span>
     <span class='ocr_line' id='line_1_30' title="bbox 274 2531 1352 2573; baseline 0 -12"><span class='ocrx_word' id='word_1_183' title='bbox 274 2532 642 2573; x_wconf 54' lang='grc' dir='ltr'><strong><em>οἷο-τωνὲἇκοᾶιιρύφιον</em></strong></span> <span class='ocrx_word' id='word_1_184' title='bbox 628 2533 750 2567; x_wconf 70' lang='grc' dir='ltr'><strong><em>νοθνμν</em></strong></span> <span class='ocrx_word' id='word_1_185' title='bbox 768 2531 845 2572; x_wconf 70' lang='grc' dir='ltr'><strong>βαρυ</strong></span> <span class='ocrx_word' id='word_1_186' title='bbox 847 2533 1039 2566; x_wconf 60' lang='grc' dir='ltr'><strong><em>νειμάλιο-ἓε</em></strong></span> <span class='ocrx_word' id='word_1_187' title='bbox 1026 2533 1141 2562; x_wconf 89' lang='grc' dir='ltr'><strong><em>λὲοοῖσιν</em></strong></span> <span class='ocrx_word' id='word_1_188' title='bbox 1158 2532 1352 2571; x_wconf 61' lang='lat' dir='ltr'><strong>&#39;’nduorione</strong></span> 
     </span>
    </p>
   </div>
   <div class='ocr_carea' id='block_1_9' title="bbox 132 2606 1511 2729">
    <p class='ocr_par' dir='ltr' id='par_1_10' title="bbox 132 2606 1511 2729">
     <span class='ocr_line' id='line_1_31' title="bbox 219 2606 1511 2664; baseline 0 -16"><span class='ocrx_word' id='word_1_189' title='bbox 219 2606 275 2661; x_wconf 84' lang='lat'><strong>(²)</strong></span> <span class='ocrx_word' id='word_1_190' title='bbox 296 2609 371 2648; x_wconf 88' lang='lat' dir='ltr'><strong>Cf.</strong></span> <span class='ocrx_word' id='word_1_191' title='bbox 388 2621 491 2664; x_wconf 83' lang='lat' dir='ltr'><strong>quae</strong></span> <span class='ocrx_word' id='word_1_192' title='bbox 509 2607 588 2649; x_wconf 80' lang='lat' dir='ltr'><strong>hae</strong></span> <span class='ocrx_word' id='word_1_193' title='bbox 602 2606 959 2649; x_wconf 71' lang='lat' dir='ltr'><strong>deiredoctissime</strong></span> <span class='ocrx_word' id='word_1_194' title='bbox 974 2606 1166 2649; x_wconf 79' lang='lat' dir='ltr'><strong>disseruit</strong></span> <span class='ocrx_word' id='word_1_195' title='bbox 1184 2609 1253 2649; x_wconf 86' lang='lat' dir='ltr'><strong>Fr.</strong></span> <span class='ocrx_word' id='word_1_196' title='bbox 1274 2606 1511 2648; x_wconf 85' lang='lat' dir='ltr'><strong>Thiersch</strong></span> 
     </span>
     <span class='ocr_line' id='line_1_32' title="bbox 132 2669 1466 2729; baseline 0.005 -18"><span class='ocrx_word' id='word_1_197' title='bbox 132 2673 184 2711; x_wconf 89' lang='lat' dir='ltr'><strong>V.</strong></span> <span class='ocrx_word' id='word_1_198' title='bbox 201 2673 259 2712; x_wconf 86' lang='lat' dir='ltr'><strong>C.:</strong></span> <span class='ocrx_word' id='word_1_199' title='bbox 282 2671 465 2729; x_wconf 68' lang='grc' dir='ltr'><strong><em>Πινδάρου</em></strong></span> <span class='ocrx_word' id='word_1_200' title='bbox 486 2673 535 2715; x_wconf 69' lang='grc' dir='ltr'><strong>τοὶ</strong></span> <span class='ocrx_word' id='word_1_201' title='bbox 556 2669 751 2722; x_wconf 66' lang='grc' dir='ltr'><strong><em>σωζόμενα</em></strong></span> <span class='ocrx_word' id='word_1_202' title='bbox 769 2676 801 2725; x_wconf 86' lang='grc' dir='ltr'><strong>Ι,</strong></span> <span class='ocrx_word' id='word_1_203' title='bbox 816 2690 861 2729; x_wconf 86' lang='lat' dir='ltr'><strong>p.</strong></span> <span class='ocrx_word' id='word_1_204' title='bbox 877 2676 971 2716; x_wconf 84' lang='lat'>125·</span> <span class='ocrx_word' id='word_1_205' title='bbox 997 2704 1000 2706; x_wconf 98' lang='lat'>-</span> <span class='ocrx_word' id='word_1_206' title='bbox 1463 2693 1466 2696; x_wconf 82' lang='grc'><em>·</em></span> 
     </span>
    </p>
   </div>
  </div>
 </body>
</html>
