1669 2878
565 78 1032 115 monsacutus.
1428 64 1494 116 1⁷

112 206 204 241 seu
214 193 345 239 statu
353 184 458 248 illo,
468 203 573 257 quo
588 185 979 255 congruentibus
992 185 1152 238 causis
1162 185 1351 241 idoneis
1361 191 1483 242 novi

112 267 362 340 prodeunt
386 267 583 340 populi,
613 284 703 321 seu
728 265 1116 329 autochthones,
1137 285 1274 337 quos
1299 270 1482 325 Graeci

114 352 305 410 dicunt,
335 352 545 412 fuerint,
576 371 666 404 seu
682 369 749 402 ex
767 349 919 400 altera
933 360 1065 402 terra
1081 353 1135 400 in
1152 349 1372 409 alteram,
1400 372 1483 405 ne-

113 434 333 485 cessitate
349 433 514 502 aliqua
532 435 822 502 ingruente,
840 433 1177 501 migraverint,
1207 431 1381 502 ibique
1398 453 1484 486 no-

110 533 232 566 vum
247 510 450 585 aliquod
467 516 736 585 imperium
754 514 1066 566 condiderint
1075 532 1089 573 ;
1121 517 1347 583 sequenti
1367 516 1484 567 dein

111 600 348 669 temporis
374 588 608 657 circuitu,
628 597 924 650 florentibus
948 598 1066 667 ipsis
1082 595 1393 667 viribusque,
1412 601 1484 651 vi-

110 679 193 732 rili
210 681 348 731 omni
358 680 511 731 ¹aetati
528 682 763 750 propriis,
784 681 1056 739 instructis,
1077 698 1194 732 casu
1211 679 1382 751 aliquo
1392 700 1482 734 seu

109 761 215 813 fato
234 761 507 812 inevitabili
523 761 773 813 hostiliter
789 773 1100 814 concurrunt
1121 781 1240 813 cum
1255 766 1315 815 iis
1332 767 1483 831 genti·
1517 784 1522 791 ·

110 845 225 904 bus,
252 862 383 912 quae
407 853 550 895 antea
573 844 676 895 sive
697 852 900 895 externa
917 861 1007 895 sua
1023 844 1364 911 magnitudine
1380 848 1483 898 sive

110 925 204 980 alia
226 926 439 996 quadam
466 928 658 978 ratione
684 927 859 978 ceteris
875 927 1222 996 praestiterant
1238 928 1496 999 principa--

110 1018 320 1077 tumque
342 1019 621 1068 tenuerant,
650 1018 710 1059 ut
737 1027 816 1066 eas
843 1010 1139 1077 impugnent
1162 1020 1209 1059 et
1234 1009 1480 1063 debellare

111 1100 325 1151 tentent3
355 1092 499 1142 tertia
523 1090 737 1161 denique
763 1090 1035 1160 eademque
1058 1100 1308 1160 postrema
1330 1111 1482 1145 anno·

110 1191 223 1222 rum
251 1174 400 1242 serie,
418 1222 420 1224 .
438 1183 635 1242 peracta
655 1174 802 1241 quasi
827 1174 930 1222 vita
954 1172 1353 1240 muneribusque
1379 1176 1482 1226 suis

108 1254 292 1313 functi,
323 1273 485 1323 quum
510 1255 680 1305 eadem
708 1272 815 1305 sors
848 1253 1083 1304 omnibus
1107 1253 1358 1315 ceciderit,
1387 1257 1483 1325 ipsi

110 1337 442 1391 deflorescunt
463 1347 514 1390 et
537 1344 855 1396 evanescunt,
880 1335 1079 1387 subacti
1112 1355 1204 1407 per
1228 1355 1331 1397 eos,
1368 1340 1483 1407 qui-

109 1419 203 1471 bus
244 1420 516 1475 dominatio
557 1421 611 1469 in
644 1429 902 1489 posterum
917 1453 919 1455 -
934 1417 1103 1489 divina
1136 1419 1484 1472 benevolentia

111 1490 425 1570 conceditur:
455 1501 507 1552 id
532 1501 670 1570 quod
687 1501 893 1553 Graecis
919 1502 1137 1553 evenisse
1154 1504 1318 1553 statim
1336 1500 1481 1554 intel-

109 1582 247 1653 liges,
261 1584 351 1634 ubi
368 1585 691 1653 reputaveris,
706 1602 734 1634 e
748 1585 914 1653 parvis
928 1584 1062 1653 ipsos
1075 1584 1351 1652 origini-bus
1368 1603 1482 1655 pro·

108 1666 284 1725 sectos,
314 1667 587 1717 maximum
600 1665 749 1734 -quod
775 1674 898 1716 tunc
924 1666 1085 1732 viguit
1120 1684 1333 1733 regnum
1362 1668 1481 1718 Per-

110 1767 277 1799 sarum
300 1766 405 1799 non
430 1746 596 1799 solum
619 1747 682 1797 ab
707 1748 1073 1816 expugnatione
1098 1765 1303 1802 suarum
1320 1750 1483 1800 civ-ita·

109 1840 221 1880 tum
238 1831 380 1882 claris
405 1829 501 1881 illis
522 1832 752 1880 omnium
769 1830 1053 1879 etiamnunc
1072 1846 1160 1879 ore
1170 1828 1484 1886 celebrandis

108 1913 291 1983 pugnis
312 1913 578 1963 >retinuisse
607 1920 657 1962 et
683 1912 874 1970 vicisse,
901 1909 987 1962 sed
1011 1911 1158 1961 etiam
1181 1912 1348 1980 ipsum
1372 1913 1485 1962 sub-

110 1995 263 2061 egisse
288 2003 338 2044 et
362 1996 419 2043 in
442 1992 683 2046 ditionem
706 2011 850 2044 suam
878 1991 1119 2059 redegisse
1131 1985 1152 2052 3¹
1178 1992 1337 2043 donec
1364 1995 1479 2062 ipsi,

111 2077 353 2128 intestinis
380 2076 639 2132 discordiis
662 2074 778 2128 fessi
803 2067 860 2149 ac
882 2073 1151 2142 degeneres
1169 2075 1363 2131 Romae.
1385 2075 1484 2128 cla-

111 2160 329 2208 rissimae
357 2167 407 2211 et
435 2150 553 2225 post
577 2157 843 2209 hominum
874 2159 1170 2209 memoriam
1201 2161 1481 2228 potentissi-

112 2258 221 2290 mae
249 2241 435 2293 civitati
461 2239 813 2303 succubuere.-

570 2449 574 2452 ,
625 2387 847 2440 CAPUT
881 2388 972 2439 VI.

248 2487 477 2556 Namque
493 2485 771 2547 Graeciam,
801 2502 905 2555 quo
921 2485 1125 2535 nomine
1142 2485 1398 2535 communi
1417 2484 1484 2536 di-

116 2575 292 2618 versae
311 2571 528 2622 civitates
550 2561 876 2628 vocabantur,
906 2579 1008 2625 non
1031 2565 1223 2637 amplae
1245 2586 1336 2637 per
1359 2569 1487 2625 mul-

1191 2655 1221 2686 t>

1191 2684 1220 2699 d
