1669 2878
557 129 1017 165 PRO-LBGOMBNA.
1404 121 1468 170 35

96 240 417 297 rum-ratione
432 237 732 309 scribebant,
760 238 896 306 quod
916 238 977 288 ad
997 239 1321 311 proprietates
1333 244 1460 295 utri-

97 343 259 391 usque
273 328 465 381 attinet,
493 333 722 373 accurate
747 325 1184 371 considerabuntur
1210 335 1260 371 et
1282 328 1460 375 diiudi-

97 406 361 458 cahantu-r:
391 406 442 457 id
468 403 607 475 quod
630 422 658 454 a
674 402 877 457 Platone
892 405 1206 475 potissimum
1223 413 1273 456 et
1289 404 1461 459 Xeno-

94 489 285 557 phonte
309 487 501 539 factum
530 497 634 536 esse
659 488 859 549 scimus.
896 487 1123 555 Uterque
1149 497 1316 536 autem
1329 526 1343 548 ,
1375 493 1465 539 etsi

93 573 198 643 ipse
231 570 571 629 Atheniensis,
627 569 877 630 instituta,
921 588 1050 639 quae
1093 571 1465 624 Lacedaemone

95 655 403 713 obtinebant,
440 654 640 702 maioris
673 656 821 723 pretii
856 671 1007 723 quam
1034 652 1343 704 Athenarum
1373 655 1461 705 ha-

94 737 178 786 bet
197 737 296 802 (¹);
337 755 500 804 quum
526 738 768 786 unitatem
793 746 843 786 et
868 739 1096 787 omnium
1121 737 1465 805 aequalitatem

95 816 441 878 universalem,
481 837 634 887 quam
668 817 749 868 v-el
780 820 991 868 maxime
1020 837 1048 867 e
1074 818 1331 887 republica
1362 839 1466 871 esse

97 911 369 960 censerent,
399 900 531 971 apud
554 900 969 952 Lacedaemonios
992 899 1154 951 multo
1171 901 1350 953 melius
1368 921 1469 953 ser-

95 985 199 1034 vari
226 982 575 1053 intelligerent,
609 1002 762 1053 quam
784 982 919 1053 apud
941 981 1281 1034 Athenienses.
1319 985 1468 1037 Deci·

94 1068 305 1134 piuntur
320 1085 440 1117 vero
459 1076 661 1116 externa
676 1085 845 1116 rerum
872 1058 1060 1133 specie,
1082 1085 1175 1115 nec
1201 1067 1322 1133 quid
1349 1086 1467 1117 vere

96 1150 209 1198 usui
245 1150 308 1198 sit
341 1150 523 1199 civitati
550 1150 745 1217 cuique
780 1147 1045 1199 duraturae
1080 1150 1192 1198 satis
1227 1151 1468 1217 perspici-

97 1231 290 1297 unt(²).
338 1229 408 1280 At
433 1249 543 1289 nos,
574 1232 635 1281 de
661 1231 951 1280 hominibus
980 1247 1259 1297 eorumque
1277 1232 1331 1280 in
1347 1233 1469 1280 civi-

99 1322 197 1364 tate
223 1313 538 1364 societatibus
564 1312 712 1381 longe
738 1311 883 1364 aliter
908 1314 1091 1363 sentire
1127 1315 1307 1364 assueti
1324 1352 1337 1372 ,
1378 1317 1469 1364 etsi

100 1413 191 1444 nec
216 1395 598 1445 Atheniensium
624 1394 991 1463 ‘legislationem
1027 1397 1163 1455 omni
1195 1413 1364 1445 errore
1392 1415 1472 1446 ca-

101 1479 257 1528 ruisse
294 1478 500 1537 scimus,
540 1480 766 1548 ipsorum
800 1486 967 1527 tamen
1009 1479 1233 1528 instituta
1269 1478 1473 1546 politica

100 1559 398 1627 perfectiora
447 1569 498 1610 et
548 1560 610 1609 ad
662 1558 950 1610 felicitatem
1002 1560 1228 1609 omnium
1281 1562 1471 1629 aptiora

102 1643 406 1710 omninoque
433 1660 576 1694 verae
610 1642 904 1693 humanitati
944 1643 1096 1709 magis
1128 1645 1473 1694 convenientia

101 1722 254 1775 fuisse
272 1724 415 1776 fateri
434 1727 672 1794 cogimur.
696 1725 825 1775 ‘Non
843 1726 995 1792 igitur
1015 1726 1050 1773 ii
1069 1743 1259 1783 sumus,
1282 1726 1471 1794 quihus

101 1806 331 1858 Ciceroni
354 1808 445 1875 (³),
475 1807 893 1866 Lacedaemonios·
916 1806 1149 1867 laudibus
1179 1807 1472 1868 celebranti,

104 1889 241 1956 quod
278 1889 370 1942 soli
399 1898 512 1941 toto
553 1896 803 1940 terrarum
838 1889 967 1939 orbe
1003 1890 1340 1959 septingentos
1375 1894 1477 1940 iam

103 1989 258 2024 annos
277 1971 487 2041 amplius
511 1972 956 2042 unismoribustet
982 1991 1244 2040 nunquam
1272 1975 1475 2023 mutatis

102 2053 294 2123 legibus
320 2057 513 2114 vivant,
553 2053 1193 2108 assentiendumvideatur.
1242 2054 1477 2104 Humana

190 2183 249 2239 (¹)
279 2185 358 2225 Sed
375 2186 428 2234 ne
446 2174 855 2235 Lacedaemoniorum
873 2182 1040 2240 quidem
1058 2183 1354 2240 rempublicam
1371 2199 1477 2225 com·

105 2251 319 2306 probatam
326 2248 407 2292 esse
420 2252 470 2293 ab
485 2253 559 2294 illo
574 2251 911 2309 philosophorum
925 2251 1110 2308 principe
1123 2266 1173 2293 ex
1188 2252 1314 2307 ipsius
1327 2251 1472 2301 verbis,

106 2318 150 2358 in
169 2319 335 2375 epistola
352 2319 425 2359 illa
437 2320 638 2375 praeclara
655 2320 706 2361 ad
723 2319 870 2360 Dionis
887 2319 1138 2386 propinquos
1154 2319 1297 2368 obviis,
1326 2318 1479 2373 quibus

107 2386 271 2442 quidem
283 2386 413 2439 libere
425 2388 588 2439 fatetur,
606 2387 950 2439 animadvertisse
941 2399 982 2427 se
993 2396 1136 2437 omnes
1147 2386 1284 2427 omino
1298 2384 1478 2426 civitates

108 2454 212 2495 male
237 2454 472 2530 gubernari
482 2450 558 2509 (ow
574 2458 701 2496 κακῶς
721 2451 922 2512 ξυμπᾳσ-ᾳι
948 2453 1004 2505 [αἱ
1022 2448 1165 2506 πόλεις]
1188 2447 1474 2506 πολιτεύονταη)

112 2508 218 2571 satis,
238 2530 287 2561 ut
303 2509 492 2589 equidem
509 2521 713 2570 existimo,
726 2515 883 2576 liquet.

134 2579 255 2642 (⁸)
284 2580 346 2630 Cf.
361 2589 410 2629 Α.
413 2577 733 2629 Beeokhit‘zv
743 2576 1266 2637 C.Scaatsh.d.'Athen.11,
1280 2583 1478 2650 p-146'8q-

140 2652 257 2707 (³)
285 2656 372 2698 Cic.
388 2666 451 2707 ‘or-
466 2671 512 2712 p.
529 2644 665 2697 Flacc
679 2655 770 2697 26-
832 2682 836 2685 >
893 2664 896 2666 ’

1150 2725 1202 2773 3.
