1669 2878
154 78 217 125 40
619 68 801 121 mnssn'
830 88 1068 123 prunus.

152 206 255 256 tur,
284 203 344 245 ut
367 212 613 246 summam
630 205 936 265 repetamus,
962 193 1280 265 philosophia
1296 196 1530 248 essentiae

152 297 326 328 rerum
343 279 594 345 cogitatio,
617 286 667 329 et
682 276 889 328 historia
906 276 1250 347 philosophiae
1261 279 1411 337 viam,
1431 297 1531 347 qua

153 363 280 414 ratio
306 361 525 416 humana
549 359 611 428 ad
635 379 710 420 ea,
738 379 869 429 quae
886 363 938 412 in
956 358 1272 432 philosophia
1291 363 1530 431 consequi

155 445 395 505 studeret,
419 446 719 513 pervenerit,
743 443 1078 495 demonstrare
1096 454 1322 494 conatur.
1360 443 1432 493 At
1449 445 1532 495 hic

156 528 428 580 contradici
451 526 594 584 solet,
622 528 883 578 essentiam
909 546 998 578 seu
1016 546 1183 578 veram
1198 546 1369 577 rerum
1393 535 1533 576 natu·

159 630 264 660 ram
281 608 489 679 intelligi
507 627 612 660 non
628 628 792 680 posse,
821 629 1001 679 quum,
1026 618 1087 660 ut
1104 612 1172 661 ait
1189 610 1320 681 apud
1339 608 1534 683 Cicero-

152 712 271 743 nem
282 695 618 751 Democritus,
640 704 817 742 natura
836 695 890 741 in
906 692 1166 760 profundo
1184 696 1438 743 veritatem
1455 711 1534 761 pe-

151 779 290 827 nitus
312 775 619 834 abstruserit,
647 793 806 845 quare
825 774 888 825 ab
912 775 1203 827 hominibus
1220 777 1322 827 visa
1338 784 1533 826 tantum

154 860 612 910 animadvertantur
645 860 896 917 sensibus,
938 860 1123 926 quibus
1159 860 1361 908 scientia
1395 858 1535 907 nulla

153 945 312 1013 possit
339 943 634 1009 comparari,
664 950 869 991 auctore
895 939 1187 990 Aristotele:
1231 935 1359 999 ,,”Ετι
1385 936 1429 989 δὲ
1449 941 1534 989 τῶν

151 1019 409 1082 αἰσθήσεων
429 1019 623 1084 οῦὸἷεμιάν
640 1017 880 1084 ἡγούμεθα
897 1018 997 1070 sibae
1016 1019 1190 1089 σοφίαν,
1220 1018 1357 1072 καίτοι
1382 1017 1535 1095 κυριώ-

150 1103 290 1157 ταταί
297 1101 354 1165 «γέ
370 1109 473 1155 εἰσιν
499 1102 628 1155 αὗται
645 1108 729 1156 τῶν
751 1101 1031 1155 καθέκαστα
1047 1100 1250 1165 γνώσεις,
1274 1107 1380 1154 ἀλλ’
1399 1108 1445 1155 οὐ
1461 1102 1536 1155 λε’-

151 1207 286 1250 γομσι
303 1184 351 1238 τὸ
371 1183 443 1236 &de
458 1185 506 1237 τί
518 1186 611 1261 περὶ
629 1182 829 1240 οὔδενός”
843 1187 935 1256 (¹).
961 1190 1154 1240 Veritas
1172 1190 1326 1256 igitur
1343 1184 1535 1238 homini

149 1270 293 1320 nulla
324 1279 398 1320 est
424 1269 622 1320 relicta:
661 1271 711 1320 id
746 1271 886 1344 quod
908 1270 998 1327 ,vel
1024 1288 1084 1319 ex
1112 1289 1172 1321 eo
1200 1270 1366 1339 colligi
1393 1289 1535 1340 posse

150 1353 397 1414 videatur,
426 1354 566 1422 quod
590 1363 666 1405 tot
690 1355 789 1405 sint
808 1352 1154 1423 philosophiae
1172 1372 1357 1423 eaeque
1374 1354 1535 1404 diver-

154 1439 375 1488 sissimae
402 1438 535 1487 inter
560 1456 611 1489 se
640 1456 792 1507 seque
819 1438 1035 1488 invicem
1056 1436 1302 1497 tollentes,
1323 1456 1536 1506 quarum

153 1519 490 1588 unaquaeque
507 1521 793 1579 contendat,
816 1539 868 1571 se
885 1520 1041 1571 solam
1060 1539 1162 1571 esse
1179 1539 1370 1580 veram3
1401 1521 1535 1570 unde

150 1611 402 1671 appareat,
431 1600 625 1651 nullam
652 1605 859 1655 omnino
885 1621 1052 1653 veram
1079 1621 1199 1661 esse,
1221 1620 1315 1653 nec
1332 1603 1457 1671 quid
1474 1605 1536 1653 sit

150 1702 350 1743 verum,
380 1686 666 1753 investigari
693 1702 839 1754 posse
865 1685 957 1752 (²).
1004 1685 1182 1737 Omnis
1208 1686 1362 1753 igitur
1390 1683 1535 1735 labor

150 1771 205 1816 in
233 1766 603 1836 perscrutandis
633 1767 785 1818 rebus
813 1769 853 1818 si
881 1767 1069 1818 frustra
1096 1767 1395 1825 collocatur,
1426 1777 1536 1818 tum

153 1859 290 1898 certo
326 1850 558 1917 sapientis
594 1851 713 1905 vita,
751 1850 971 1897 veritatis
1003 1848 1138 1907 luce,
1177 1866 1277 1917 qua
1306 1847 1433 1896 nihil
1463 1859 1536 1899 est

154 1931 371 1990 dulcius,
393 1941 451 1982 ut
469 1933 537 1981 ait
554 1930 752 1999 Cicero,
784 1931 975 1990 orbata,
998 1933 1272 1981 miserrima
1288 1931 1529 1982 videatur.

153 2014 336 2082 „Ergo
372 2012 426 2062 hi
462 2014 550 2082 qui
582 2022 783 2080 negant,
821 2012 1098 2082 quidquam
1131 2030 1275 2082 posse
1309 2031 1533 2083 compre-

148 2097 322 2155 hendi,
353 2096 476 2147 haec
503 2098 610 2165 ipsa
636 2098 858 2166 eripiunt
884 2096 966 2166 vel
993 2097 1322 2146 instrumenta
1347 2096 1429 2146 vel
1451 2116 1533 2147 or-

233 2272 294 2328 (¹)
326 2271 502 2312 Aristot.
526 2273 807 2328 Metaph.1‚1.
835 2275 890 2314 cf.
916 2274 1030 2314 Sext.
1047 2275 1204 2330 Empir.
1223 2274 1313 2316 adv.
1338 2274 1471 2314 Math.
1486 2289 1530 2329 p.

147 2342 256 2381 200.:
287 2334 528 2388 »αἰσθήσεσι
555 2334 619 2387 μὲν
648 2334 711 2381 οὖν
738 2336 867 2389 μόναις
894 2337 1033 2385 λαβεῖν
1059 2341 1091 2381 τ’
1115 2336 1265 2391 ἀληθὲς
1289 2340 1331 2381 οὗ
1352 2336 1531 2382 δύναναι”

145 2407 308 2449 Platon.
325 2408 493 2449 Theaet.
509 2407 584 2448 sub
601 2407 686 2459 fin.,
705 2407 854 2449 Phaed.
869 2422 913 2463 p.
925 2406 977 2450 49
994 2408 1060 2450 ed.
1073 2410 1140 2450 Ff.

231 2474 289 2531 (²)
320 2479 406 2518 Πῶς
425 2472 464 2514 δ’
482 2470 575 2528 οὖχὶ
593 2471 656 2515 καὶ
675 2476 697 2524 ἧ
717 2471 798 2533 περὶ
819 2479 892 2515 τῶν
909 2471 1108 2516 ἆνωτάτων
1125 2471 1358 2533 πραγμάτων
1374 2471 1532 2516 διαστά-

150 2559 209 2584 σ-ις
234 2541 338 2602 παρὰ
363 2546 440 2588 τοῖς
468 2538 695 2597 φιλοσόφοις
728 2537 943 2603 ἀφαιρεῖται
970 2542 1036 2594 τὴν
1062 2547 1129 2594 τῆς
1157 2541 1349 2594 ἀληθείας
1374 2546 1531 2597 εγνιέἷσιη

148 2610 266 2651 Sext.
281 2610 450 2665 Empgl.
466 2625 506 2651 c.
520 2626 563 2665 p.
575 2611 674 2652 205.
