1669 2878
536 80 1004 116 Pnonneoumu.
1400 66 1466 118 17

84 214 176 249 seu
185 201 316 247 statu
324 190 545 262 illm-quo
560 186 957 258 congruentibus.
964 186 1124 239 causis
1133 187 1323 243 idoneis
1329 192 1455 243 ⁴novi

85 276 334 347 prodeunt
358 272 554 345 populi,
585 288 675 322 seu
700 268 1088 346 autochthones,
1109 288 1246 338 quos
1270 273 1455 327 Graeci

86 359 277 418 dicunt,
307 358 516 417 fuerint,
547 375 638 408 seu
654 372 720 405 ex
739 351 892 403 altera
905 362 1037 404 terra
1053 355 1107 403 in
1124 350 1344 413 alteram,
1369 356 1459 408 ne?

86 443 305 492 cessitate
320 440 486 508 aliqua
503 440 794 505 ingruente,-⁴
811 437 1149 504 migraverint,
1179 435 1353 505 ibique
1369 456 1456 489 no-

83 543 204 576 vum
219 518 421 592 aliquod
438 521 707 589 imperium
726 519 1037 572 condiderint
1047 538 1061 578 ;
1093 521 1319 587 sequenti
1339 520 1456 571 dein

83 607 319 675 temporis
345 593 580 661 circuitu,
599 602 895 653 florentibus
919 603 1038 670 ipsis
1053 598 1365 671 viribusque,
1384 606 1455 655 vi-

82 688 164 739 rili
181 685 482 738 omni-aetati
499 687 734 755 propriis,
754 686 1027 744 instructis,
1048 702 1166 736 casu
1182 683 1353 755 aliquo
1363 705 1453 738 seu

81 770 186 819 fato
204 766 478 817 inevitabili
494 764 1071 817 hostiliter‘concurrunt
1092 786 1211 817 cum
1226 771 1286 820 iis
1303 772 1455 835 genti·
1489 789 1494 797 ·

82 852 196 911 bus,
223 868 355 920 quae
379 858 522 900 antea
545 848 648 899 sive
669 855 871 899 externa
888 865 978 899 sua
994 848 1335 916 magnitudine
1352 852 1455 902 sive

82 934 176 988 alia
198 933 411 1004 quadam
438 935 632 983 ratione
658 933 831 983 ceteris
847 933 1193 1002 praestiterant
1209 935 1467 1005 principa--¹

81 1027 292 1086 tumque
315 1025 594 1075 tenuerant,
624 1024 683 1066 ut
710 1034 788 1074 eas
815 1017 1111 1084 impugnent
1133 1027 1180 1067 et
1206 1016 1452 1071 debellare

83 1109 297 1158 tentent3
327 1099 473 1152 tertia
496 1097 710 1166 denique
735 1097 1007 1166 eademque
1029 1108 1280 1167 postrema
1302 1119 1453 1152 anno-

82 1200 195 1230 rum
221 1182 392 1250 serie,
409 1190 630 1249 peracta
623 1181 774 1248 quasi
799 1181 901 1229 vita
925 1180 1324 1247 muneribusque
1350 1183 1453 1232 suis

80 1262 262 1321 functi,
293 1281 456 1330 quum
480 1262 652 1312 eadem
679 1279 787 1312 sors
819 1261 1054 1311 omnibus
1072 1261 1329 1322 ceciderit,
1358 1265 1455 1332 ipsi

81 1344 413 1398 deflorescunt
433 1354 485 1396 et
507 1352 826 1403 evanescunt,
851 1342 1051 1394 subacti
1083 1362 1175 1413 per
1199 1363 1302 1404 eos,
1339 1348 1454 1414 qui-

80 1426 174 1478 bus
214 1427 515 1484 dominatio
528 1429 581 1477 in
615 1436 892 1497 posterum
905 1425 1073 1498 divina
1107 1426 1454 1479 benevolentia

82 1509 395 1576 conceditur:
426 1509 480 1566 id
502 1509 641 1576 quod
657 1509 863 1559 Graecis
890 1510 1108 1562 evenisse
1125 1511 1289 1559 statim
1306 1507 1452 1559 intel-

79 1588 217 1658 liges,
231 1590 321 1639 ubi
338 1592 662 1658 reputaveris,
677 1609 705 1640 e
719 1591 885 1659 parvis
899 1591 1033 1658 ipsos
1046 1589 1322 1657 originibus
1339 1609 1470 1660 pro-⁷

79 1671 255 1731 sectos,
284 1673 557 1730 maximum
570 1671 719 1740 quod
739 1680 869 1729 ,tunc
895 1672 1056 1737 viguit
1091 1689 1304 1739 regnum
1333 1674 1452 1723 Per-

81 1773 248 1804 sarum
270 1772 375 1804 non
401 1752 567 1806 solum
590 1754 653 1802 ab
677 1754 1044 1822 expugnatione
1069 1771 1275 1808 suarum
1291 1757 1455 1805 civita-

80 1845 191 1885 tum
208 1835 351 1888 claris
375 1834 471 1887 illis
493 1837 722 1886 omnium
739 1835 1131 1885 etiamnuncore
1141 1834 1454 1889 celebrandis

79 1920 261 1990 pugnis
282 1920 548 1976 retinuisse
577 1927 628 1969 et
653 1916 958 1977 viciss,e,sed
982 1919 1319 1987 etiamipsum
1343 1920 1455 1969 sub-

81 2002 308 2068 egisseet
332 2000 654 2055 inditionem
677 2019 821 2054 suam
849 1998 1090 2067 redegisse
1102 1993 1122 2061 3¹
1148 2000 1308 2051 donec
1334 2003 1450 2070 ipsi,

81 2085 324 2133 intestinis
351 2084 609 2140 discordiis
633 2083 749 2136 fessi
774 2076 831 2150 ac
853 2082 1333 2150 degeneresRomae
1356 2083 1454 2135 cla-

82 2166 300 2214 rissimae
328 2173 378 2218 et
405 2174 521 2232 post
548 2151 815 2219 hominum'
845 2167 1141 2217 memoriam
1171 2168 1452 2235 potentissi-

83 2264 191 2296 mae
219 2248 405 2301 civitati
432 2242 785 2312 succubueres
834 2285 840 2287 -r

541 2458 544 2461 ,
595 2395 818 2467 CAPUT
851 2397 943 2465 Ἡ·
1052 2465 1054 2467 ,

218 2495 447 2562 Namque
463 2495 742 2555 Graeciam,
771 2512 877 2562 quo
890 2495 1368 2567 nominecommuni
1388 2493 1455 2544 di·
1528 2556 1530 2561 ι

87 2582 263 2626 versae
281 2578 498 2631 civitates
520 2568 846 2637 vocabantur,
876 2587 979 2634 non
1001 2573 1194 2646 amplae
1215 2594 1315 2647 per¹
1329 2576 1458 2636 mul.

1162 2665 1191 2695 o

1162 2693 1190 2707 Η
