1669 2878
579 77 1032 117 rn‘otncounn‘a'.
1423 66 1487 116 4⁷

129 191 237 247 cam
254 187 465 244 excitare
480 193 697 260 nequit,
714 207 823 258 quo
844 207 946 241 non
965 205 1079 240 raro
1097 186 1172 248 fit,
1188 200 1257 241 'ut
1279 190 1491 243 illustria

127 279 347 345 ingenia,
378 284 693 328 externarum
721 290 891 322 rerum
913 272 1073 324 taedio
1097 270 1265 323 affecta
1278 313 1296 333 ,a
1325 294 1488 327 remo-

126 369 272 410 veant
289 379 339 410 se
356 379 384 409 a
401 360 609 428 negotiis
632 355 857 425 publicis
872 358 1026 424 inque
1048 358 1215 405 animo
1239 374 1333 405 suo
1355 368 1487 408 tran·

128 442 422 511 quillitatem
439 452 489 492 et
504 440 803 490 hilaritatem
827 458 934 489 eam
959 450 1214 508 quaerant,
1236 452 1386 507 quam
1406 458 1489 490 ex·

126 528 368 580 trinsecus
386 525 603 593 reperire
620 532 886 591 nequeant.
915 523 990 572 Ita
1008 540 1124 572 cum
1142 522 1201 571 ad
1219 534 1492 573 ceterarum

127 612 428 678 optimarum
453 606 728 655 litterarum
758 599 981 656 omnium
999 615 1117 664 ‚tum
1141 610 1407 676 praecipue
1431 609 1492 657 ad

128 688 477 760 philosophiae
505 689 724 739 studium
750 688 927 739 adduci
960 688 1147 749 solent3
1185 689 1236 737 id
1271 691 1410 758 quod
1444 700 1495 741 et

124 790 233 841 per
230 790 290 823 se
314 774 419 822 veri
446 772 645 821 videtur
670 770 828 820 simile
854 780 904 820 et
925 771 1156 822 histmiae
1184 772 1492 823 documentis

123 855 392 930 probatur,
427 873 457 904 e
491 847 714 922 quorum
746 871 988 911 numero,
1035 871 1163 921 quae
1198 854 1408 905 Athenis
1442 865 1493 905 et

125 938 330 995 Romae,
363 925 623 985 ruentibus
653 938 806 1002 magis
832 937 1088 1003 magisque
1113 939 1353 1005 imperiis,
1380 956 1493 987 eve-

124 1037 259 1080 nere,
284 1018 438 1069 verho
464 1018 742 1067 meminisse
766 1027 836 1068 sat
860 1026 949 1068 est.

605 1168 822 1220 CAPUT
859 1169 1007 1219 XIV.

258 1264 576 1335 Philosophia
592 1283 711 1315 vero
728 1266 803 1315 uti
823 1267 959 1315 omni
974 1263 1080 1315 fere
1092 1263 1186 1314 alia
1200 1267 1331 1316 scien
1338 1268 1400 1316 tia
1415 1267 1495 1316 ad·-

125 1352 327 1399 iuvatur
335 1358 385 1398 et
394 1347 723 1416 amplificatur
732 1356 783 1397 et
792 1346 1086 1406 illustratur,
1100 1350 1169 1398 sic
1180 1350 1324 1397 etiam
1336 1353 1493 1417 ipsam

125 1450 212 1481 sua
231 1434 340 1481 vice
363 1448 775 1499 unamquamque&
792 1430 1041 1489 adiuvare,
1063 1430 1380 1482 manifestum
1399 1443 1489 1482 est.

122 1514 352 1582 Namque
368 1512 555 1581 religio,
573 1515 799 1562 omnium
809 1514 1152 1580 cognitionum
1159 1513 1305 1562 facile
1315 1516 1492 1582 prima,

123 1616 222 1665 qua
247 1596 451 1665 quidem
475 1598 797 1646 continentur
820 1595 980 1656 ideae,
1014 1614 1138 1665 quas
1160 1594 1378 1666 populus
1403 1596 1492 1647 ali-

124 1682 236 1746 quis
255 1678 315 1727 de
330 1679 441 1728 Deo
466 1680 673 1746 eiusque
692 1681 744 1726 in
768 1679 958 1728 mundo
981 1680 1292 1747 providentia
1316 1679 1494 1729 habuit

122 1760 203 1811 vel
226 1760 395 1819 habet,
423 1761 645 1811 eiusdem
668 1760 775 1811 fere
797 1763 1075 1829 argumenti
1098 1780 1155 1812 ac
1175 1759 1494 1832 philosophia

123 1852 195 1893 est
210 1862 304 1893 nec
323 1844 418 1893 nisi
436 1842 601 1893 forma
617 1844 946 1911 cognoscendi
963 1862 1041 1894 res
1054 1862 1305 1912 supremas
1317 1845 1496 1895 differt.v

121 1927 364 1976 Omnium
381 1936 549 1975 autem
566 1926 932 2006 propemodum
950 1930 1190 1994 gentium,
1213 1928 1492 1995 priscarum
1563 1940 1567 1943 '

122 2009 373 2078 inprimis,
425 2008 687 2078 1eligiones
731 2010 972 2076 o1iginem
1016 2018 1271 2058 traxerunt
1311 2027 1338 2057 e
1381 2028 1492 2080 my-

122 2090 238 2147 this,
268 2093 356 2158 qui
378 2093 693 2159 imaginibus,
723 2092 1005 2161 phantasiae
1034 2077 1253 2142 sollertia
1279 2095 1493 2143 maxime

121 2171 352 2242 prolatis,
398 2173 530 2225 ideas
571 2173 822 2242 religiosas
854 2172 1085 2225 velabant
1123 2193 1217 2225 nec
1256 2177 1391 2224 omni
1426 2193 1495 2223 sa-

121 2258 325 2324 pientia,
364 2256 481 2308 licet
514 2258 665 2308 cruda
699 2258 880 2316 adhuc,
920 2260 1153 2308 carebant
1165 2279 1178 2318 ;
1217 2258 1267 2305 id
1295 2256 1432 2323 quod
1463 2276 1492 2304 a

122 2342 510 2402 lecentioribus,
552 2344 612 2392 iis
643 2342 955 2411 praesertim,
995 2342 1082 2409 qui
1117 2342 1169 2389 in
1204 2338 1493 2407 explicanda

122 2422 435 2497 Graecorum
461 2423 771 2494 mythologia
800 2422 1009 2472 multam
1041 2421 1379 2494 collocandam
1393 2432 1502 2496 pu·

122 2513 300 2557 tavere
298 2524 526 2576 operam,
549 2505 899 2566 confirmatum
911 2503 1158 2565 videmus3
1186 2522 1499 2575 quamquam

123 2595 173 2636 et
199 2587 306 2651 hic,
341 2600 408 2642 ut·
422 2591 475 2640 in
499 2587 668 2648 multis
691 2588 823 2648 aliis,
859 2589 1010 2638 nimia
1030 2589 1346 2657 antiquitatis
1362 2607 1497 2641 reve-
