1669 2878
172 95 234 140 12
399 131 400 134 ¹
624 108 804 142 mann
839 110 1079 143 ramus,

167 218 490 282 quaerantur,
519 214 612 267 alia
636 223 805 267 autem
821 234 979 286 eaque
995 215 1284 278 sublimiora
1289 237 1317 276 3?
1329 217 1392 268 ad
1408 220 1537 287 q'uhe

165 306 215 347 et
240 295 547 350 liberaliores
581 307 717 349 artes.
739 308 789 350 et
815 298 1005 351 litterae
1030 298 1330 361 referantur,
1366 320 1459 371 per
1484 320 1536 352 se

163 381 263 430 sint
278 382 555 452 exoptanda
571 391 621 431 et
637 379 903 449 diligenda.
932 413 984 422 -
1008 383 1238 432 Tertium
1253 375 1392 434 nunc
1408 384 1536 434 illud

163 462 397 514 historiae
430 482 611 532 genus,
658 465 797 533 quod
830 465 1237 535 philosophicum
1273 468 1535 536 nominan-

166 546 287 596 dum
307 548 615 615 putavimus,
646 545 795 615 quale
820 550 885 599 sit
910 549 1296 600 consideremus.

565 727 607 746 -.
678 661 1062 759 CAPU'rIV..

275 848 278 850 .
297 794 583 863 Legebatur
598 794 792 845 olimin
810 795 1000 865 templo
1020 805 1185 847 vetere
1200 795 1448 866 Apollinis
1466 800 1536 846 in-

162 878 386 947 scriptio,
416 877 567 938 γνῶθι
590 872 790 935 σεαυτόν,
822 887 872 928 et
896 880 1055 929 omnis
1080 879 1284 928 historia
1308 881 1535 928 omnium

162 970 451 1029 temporum
467 970 529 1011 ret
551 960 878 1029 populorum,
909 978 1062 1027 quam
1087 959 1419 1010 universalem
1444 980 1533 1012 vo-

162 1050 292 1102 cant,
314 1039 442 1091 nihil
460 1052 532 1093 cst
548 1041 686 1091 aliud
703 1043 797 1092 nisi
817 1041 1189 1103 demonstratio,
1220 1043 1406 1112 quibus
1424 1062 1534 1112 gra-

131 1188 134 1198 (
160 1125 321 1174 dibus*
341 1142 496 1192 genus
532 1123 814 1174 humanum
849 1125 917 1175 adr
946 1125 1347 1192 cognoscendum
1374 1144 1434 1175 se>
1457 1129 1534 1195 ip-

161 1225 276 1258 sum
291 1208 595 1277 pervenerit.
638 1207 868 1257 Primum
891 1209 1121 1259 omnium
1135 1209 1272 1259 enim
1290 1206 1350 1258 de
1365 1207 1534 1260 multis

159 1291 310 1341 rebus
328 1289 554 1357 singulis,
586 1308 715 1357 quae
731 1308 823 1341 nos
842 1290 1170 1348 circumdant,
1191 1309 1533 1341 sensuum-au-

158 1373 281 1424 xilio
295 1375 524 1423 notitiam
536 1370 754 1441 aliquam
765 1392 794 1423 a
806 1373 1113 1443 dipiscimur,
1126 1373 1210 1425 sed
1221 1374 1280 1424 de
1290 1375 1535 1427 nobismet

159 1458 297 1525 ipsis,
329 1455 390 1505 de
413 1449 566 1508 insita.
582 1457 728 1506 nobis
751 1466 929 1508 natura
953 1457 1118 1506 divina
1141 1475 1206 1506 ne
1224 1460 1533 1526 suspicamur

160 1538 367 1608 quidem
383 1537 600 1607 aliquid3
628 1539 788 1590 donec
804 1537 1045 1608 paulatim
1067 1540 1217 1589 animi
1240 1542 1445 1601 attentio
1468 1542 1531 1590 ab

158 1623 374 1672 externis
390 1622 547 1672 rebus
564 1620 957 1690 contemplandis
977 1622 1040 1670 ad
1057 1624 1282 1690 seipsam
1298 1623 1444 1682 redit,
1473 1632 1533 1674 ut

159 1703 308 1775 quale
334 1706 399 1755 sit
424 1722 542 1758 vere
568 1705 834 1772 ingenium
846 1704 1127 1754 humanum
1143 1703 1417 1773 intelligere
1433 1705 1531 1757 dis-

157 1798 251 1839 cat:
267 1807 421 1856 quam
431 1796 597 1837 tamen
608 1786 987 1854 intelligentiam
999 1804 1104 1837 non
1113 1798 1316 1855 repente
1325 1788 1410 1837 sed
1418 1798 1533 1857 post

155 1869 359 1937 longam
370 1869 576 1921 demum
593 1867 910 1919 saeculorum
926 1870 1103 1919 seriem
1118 1870 1334 1919 necsine
1350 1889 1529 1938 magno

155 1951 329 2002 labore
346 1952 540 2019 assequi
560 1951 747 2020 potuit.
767 1950 1003 2001 Perversa
1020 1951 1173 2018 igitur
1189 1960 1238 2001 et
1255 1953 1529 2021 respuenda

155 2036 352 2087 videtur
369 2035 542 2104 opinio
560 2051 757 2105 eorum,
784 2034 915 2084 inter
938 2052 1067 2102 quos
1091 2033 1303 2084 celebria
1323 2053 1528 2105 quoque

155 2120 361 2169 nomina
377 2120 724 2177 inveniuntur,
750 2120 843 2186 qui
860 2117 922 2167 de
940 2126 1071 2168 statu
1088 2116 1259 2186 aliquo
1275 2120 1528 2187 primitivo

157 2202 362 2269 generis*
377 2199 608 2268 humani,
643 2218 748 2251 non
780 2200 995 2251 feliciori
1022 2210 1219 2251 tantum
1242 2200 1337 2251 sed*
1351 2203 1528 2252 eodem

155 2286 303 2336 etiam
333 2284 639 2352 sapientiori,
676 2272 942 2343 somniant,
980 2302 1084 2352 quo
1110 2284 1339 2336 homines
1363 2282 1527 2351 multo

155 2366 341 2421 melius⁴
358 2385 513 2437 quam
530 2385 677 2422 „nunc
701 2374 817 2437 post
843 2365 1128 2418 diuturnam
1154 2364 1463 2435 disciplinam
1480 2375 1530 2418 et

158 2454 235 2500 sui
262 2462 316 2504 et,
337 2459 546 2501 naturae
574 2452 735 2501 omnis
760 2448 982 2516 indolem
1002 2470 1170 2502 veram
1194 2451 1449 2509 noverint3
1477 2449 1529 2498 id

159 2534 296 2599 quod
311 2536 393 2602 pie
409 2533 641 2600 fortasse,
671 2544 784 2602 apte
804 2542 973 2583 autem
990 2543 1041 2584 et
1056 2534 1309 2601 ingeniose
1324 2534 1527 2583 minime
1546 2567 1552 2570 s

159 2616 493 2685 excogitatum
508 2618 738 2686 reperias.
771 2616 1051 2675 Hominum
1067 2632 1207 2672 emm
1218 2615 1398 2684 quivis,
1422 2633 1526 2686 quo
