<?xml version="1.0" encoding="UTF-8"?>
<!DOCTYPE html PUBLIC "-//W3C//DTD XHTML 1.0 Transitional//EN"
    "http://www.w3.org/TR/xhtml1/DTD/xhtml1-transitional.dtd">
<html xmlns="http://www.w3.org/1999/xhtml" xml:lang="en" lang="en">
 <head>
  <title>
</title>
<meta http-equiv="Content-Type" content="text/html;charset=utf-8" />
  <meta name='ocr-system' content='tesseract 3.04.00' />
  <meta name='ocr-capabilities' content='ocr_page ocr_carea ocr_par ocr_line ocrx_word'/>
</head>
<body>
  <div class='ocr_page' id='page_1' title='image "4738040_0019.png"; bbox 0 0 1669 2878; ppageno 0'>
   <div class='ocr_carea' id='block_1_1' title="bbox 577 75 1492 142">
    <p class='ocr_par' dir='ltr' id='par_1_1' title="bbox 577 75 1492 142">
     <span class='ocr_line' id='line_1_1' title="bbox 577 75 1492 142; baseline 0.002 -21"><span class='ocrx_word' id='word_1_1' title='bbox 577 77 1041 142; x_wconf 68' lang='lat' dir='ltr'><strong>rnonssojoiiauax</strong></span> <span class='ocrx_word' id='word_1_2' title='bbox 1461 75 1492 123; x_wconf 84' lang='lat'>5</span> 
     </span>
    </p>
   </div>
   <div class='ocr_carea' id='block_1_2' title="bbox 105 195 1496 2428">
    <p class='ocr_par' dir='ltr' id='par_1_2' title="bbox 122 195 1491 431">
     <span class='ocr_line' id='line_1_2' title="bbox 127 195 1489 267; baseline -0.001 -17"><span class='ocrx_word' id='word_1_3' title='bbox 127 199 323 250; x_wconf 69' lang='lat' dir='ltr'><strong>cultura</strong></span> <span class='ocrx_word' id='word_1_4' title='bbox 340 197 722 267; x_wconf 63' lang='lat' dir='ltr'><strong>praecipuarum</strong></span> <span class='ocrx_word' id='word_1_5' title='bbox 738 195 996 246; x_wconf 77' lang='lat' dir='ltr'><strong>civitatum</strong></span> <span class='ocrx_word' id='word_1_6' title='bbox 1016 196 1072 245; x_wconf 90' lang='lat' dir='ltr'><strong>in</strong></span> <span class='ocrx_word' id='word_1_7' title='bbox 1085 195 1396 256; x_wconf 76' lang='lat' dir='ltr'><strong>universum,</strong></span> <span class='ocrx_word' id='word_1_8' title='bbox 1407 196 1489 248; x_wconf 67' lang='lat' dir='ltr'><strong>*de</strong></span> 
     </span>
     <span class='ocr_line' id='line_1_3' title="bbox 122 278 1491 393; baseline 0.001 -64"><span class='ocrx_word' id='word_1_9' title='bbox 122 278 469 350; x_wconf 77' lang='lat' dir='ltr'><strong>philosophiae</strong></span> <span class='ocrx_word' id='word_1_10' title='bbox 516 278 735 393; x_wconf 78' lang='lat' dir='ltr'><strong>denique</strong></span> <span class='ocrx_word' id='word_1_11' title='bbox 782 278 936 331; x_wconf 80' lang='lat' dir='ltr'><strong>initi-is</strong></span> <span class='ocrx_word' id='word_1_12' title='bbox 977 287 1131 347; x_wconf 78' lang='lat' dir='ltr'><strong>atque</strong></span> <span class='ocrx_word' id='word_1_13' title='bbox 1172 278 1491 331; x_wconf 71' lang='lat' dir='ltr'><strong>incrementis</strong></span> 
     </span>
     <span class='ocr_line' id='line_1_4' title="bbox 122 372 340 431; baseline 0.02 -20"><span class='ocrx_word' id='word_1_14' title='bbox 122 372 340 431; x_wconf 62' lang='lat' dir='ltr'><strong>agemus.⁸</strong></span> 
     </span>
    </p>

    <p class='ocr_par' dir='ltr' id='par_1_3' title="bbox 105 443 1496 2407">
     <span class='ocr_line' id='line_1_5' title="bbox 227 443 1485 514; baseline -0.002 -16.933"><span class='ocrx_word' id='word_1_15' title='bbox 227 445 434 511; x_wconf 90' lang='lat' dir='ltr'><strong>Quum</strong></span> <span class='ocrx_word' id='word_1_16' title='bbox 454 446 591 496; x_wconf 82' lang='lat' dir='ltr'><strong>enim</strong></span> <span class='ocrx_word' id='word_1_17' title='bbox 615 444 844 494; x_wconf 86' lang='lat' dir='ltr'><strong>omnium</strong></span> <span class='ocrx_word' id='word_1_18' title='bbox 867 445 1032 496; x_wconf 86' lang='lat' dir='ltr'><strong>omnis</strong></span> <span class='ocrx_word' id='word_1_19' title='bbox 1052 445 1243 513; x_wconf 78' lang='lat' dir='ltr'><strong>generis</strong></span> <span class='ocrx_word' id='word_1_20' title='bbox 1267 443 1485 514; x_wconf 83' lang='lat' dir='ltr'><strong>discipli-</strong></span> 
     </span>
     <span class='ocr_line' id='line_1_6' title="bbox 120 526 1485 595; baseline -0.001 -16"><span class='ocrx_word' id='word_1_21' title='bbox 120 535 300 579; x_wconf 80' lang='lat' dir='ltr'><strong>narum</strong></span> <span class='ocrx_word' id='word_1_22' title='bbox 316 538 368 579; x_wconf 90' lang='lat' dir='ltr'><strong>et</strong></span> <span class='ocrx_word' id='word_1_23' title='bbox 380 529 583 586; x_wconf 80' lang='lat' dir='ltr'><strong>artium,</strong></span> <span class='ocrx_word' id='word_1_24' title='bbox 603 526 790 595; x_wconf 86' lang='lat' dir='ltr'><strong>quihus</strong></span> <span class='ocrx_word' id='word_1_25' title='bbox 807 535 857 577; x_wconf 89' lang='lat' dir='ltr'><strong>et</strong></span> <span class='ocrx_word' id='word_1_26' title='bbox 870 527 1176 579; x_wconf 80' lang='lat' dir='ltr'><strong>inveniendis</strong></span> <span class='ocrx_word' id='word_1_27' title='bbox 1192 537 1243 578; x_wconf 87' lang='lat' dir='ltr'><strong>et</strong></span> <span class='ocrx_word' id='word_1_28' title='bbox 1254 526 1485 579; x_wconf 82' lang='lat' dir='ltr'><strong>excolen-</strong></span> 
     </span>
     <span class='ocr_line' id='line_1_7' title="bbox 119 611 1484 682; baseline 0.001 -22"><span class='ocrx_word' id='word_1_29' title='bbox 119 611 193 662; x_wconf 80' lang='lat' dir='ltr'><strong>dis</strong></span> <span class='ocrx_word' id='word_1_30' title='bbox 210 611 332 679; x_wconf 90' lang='lat' dir='ltr'><strong>quid</strong></span> <span class='ocrx_word' id='word_1_31' title='bbox 349 618 596 678; x_wconf 81' lang='lat' dir='ltr'><strong>praestare</strong></span> <span class='ocrx_word' id='word_1_32' title='bbox 612 611 778 679; x_wconf 81' lang='lat' dir='ltr'><strong>posset</strong></span> <span class='ocrx_word' id='word_1_33' title='bbox 793 619 970 663; x_wconf 80' lang='lat' dir='ltr'><strong>natura</strong></span> <span class='ocrx_word' id='word_1_34' title='bbox 985 611 1363 682; x_wconf 78' lang='lat' dir='ltr'><strong>humana-nullo</strong></span> <span class='ocrx_word' id='word_1_35' title='bbox 1379 627 1484 662; x_wconf 92' lang='lat' dir='ltr'><strong>non</strong></span> 
     </span>
     <span class='ocr_line' id='line_1_8' title="bbox 116 679 1483 763; baseline 0.001 -19"><span class='ocrx_word' id='word_1_36' title='bbox 116 679 342 761; x_wconf 82' lang='lat' dir='ltr'><strong>tempore</strong></span> <span class='ocrx_word' id='word_1_37' title='bbox 375 694 652 754; x_wconf 81' lang='lat' dir='ltr'><strong>tentaverit,</strong></span> <span class='ocrx_word' id='word_1_38' title='bbox 689 693 961 762; x_wconf 85' lang='lat' dir='ltr'><strong>primordia</strong></span> <span class='ocrx_word' id='word_1_39' title='bbox 991 694 1057 744; x_wconf 86' lang='lat' dir='ltr'><strong>ab</strong></span> <span class='ocrx_word' id='word_1_40' title='bbox 1083 696 1483 763; x_wconf 76' lang='lat' dir='ltr'><strong>ingeniosissimis</strong></span> 
     </span>
     <span class='ocr_line' id='line_1_9' title="bbox 115 773 1478 846; baseline 0.003 -22"><span class='ocrx_word' id='word_1_41' title='bbox 115 774 212 825; x_wconf 87' lang='lat' dir='ltr'><strong>illis</strong></span> <span class='ocrx_word' id='word_1_42' title='bbox 235 773 499 845; x_wconf 83' lang='lat' dir='ltr'><strong>nunquam</strong></span> <span class='ocrx_word' id='word_1_43' title='bbox 522 778 635 826; x_wconf 86' lang='lat' dir='ltr'><strong>satis</strong></span> <span class='ocrx_word' id='word_1_44' title='bbox 658 776 952 826; x_wconf 79' lang='lat' dir='ltr'><strong>admirandis</strong></span> <span class='ocrx_word' id='word_1_45' title='bbox 969 777 1206 828; x_wconf 76' lang='lat' dir='ltr'><strong>Graeciae</strong></span> <span class='ocrx_word' id='word_1_46' title='bbox 1230 778 1478 846; x_wconf 79' lang='lat' dir='ltr'><strong>gentibus,</strong></span> 
     </span>
     <span class='ocr_line' id='line_1_10' title="bbox 114 858 1484 927; baseline 0.002 -21"><span class='ocrx_word' id='word_1_47' title='bbox 114 859 174 907; x_wconf 90' lang='lat' dir='ltr'><strong>iis</strong></span> <span class='ocrx_word' id='word_1_48' title='bbox 198 859 484 927; x_wconf 82' lang='lat' dir='ltr'><strong>praecipue,</strong></span> <span class='ocrx_word' id='word_1_49' title='bbox 510 877 640 925; x_wconf 84' lang='lat' dir='ltr'><strong>quae</strong></span> <span class='ocrx_word' id='word_1_50' title='bbox 655 858 814 908; x_wconf 58' lang='lat' dir='ltr'><strong>Asiae:</strong></span> <span class='ocrx_word' id='word_1_51' title='bbox 825 859 1050 917; x_wconf 88' lang='lat' dir='ltr'><strong>minoris,</strong></span> <span class='ocrx_word' id='word_1_52' title='bbox 1078 877 1195 909; x_wconf 88' lang='lat' dir='ltr'><strong>orae</strong></span> <span class='ocrx_word' id='word_1_53' title='bbox 1211 861 1484 910; x_wconf 78' lang='lat' dir='ltr'><strong>maritimae</strong></span> 
     </span>
     <span class='ocr_line' id='line_1_11' title="bbox 115 938 1483 1007; baseline 0.002 -19"><span class='ocrx_word' id='word_1_54' title='bbox 115 948 165 989; x_wconf 90' lang='lat' dir='ltr'><strong>et</strong></span> <span class='ocrx_word' id='word_1_55' title='bbox 187 938 468 1007; x_wconf 83' lang='lat' dir='ltr'><strong>insularum</strong></span> <span class='ocrx_word' id='word_1_56' title='bbox 490 940 819 991; x_wconf 85' lang='lat' dir='ltr'><strong>adiacentium</strong></span> <span class='ocrx_word' id='word_1_57' title='bbox 849 941 1067 991; x_wconf 79' lang='lat' dir='ltr'><strong>civitates</strong></span> <span class='ocrx_word' id='word_1_58' title='bbox 1090 940 1370 1000; x_wconf 83' lang='lat' dir='ltr'><strong>incoluere,</strong></span> <span class='ocrx_word' id='word_1_59' title='bbox 1405 960 1483 991; x_wconf 87' lang='lat' dir='ltr'><strong>re-</strong></span> 
     </span>
     <span class='ocr_line' id='line_1_12' title="bbox 112 1022 1481 1093; baseline 0.001 -21"><span class='ocrx_word' id='word_1_60' title='bbox 112 1031 348 1091; x_wconf 81' lang='lat' dir='ltr'><strong>petantur</strong></span> <span class='ocrx_word' id='word_1_61' title='bbox 371 1023 469 1091; x_wconf 88' lang='lat'>(¹);</span> <span class='ocrx_word' id='word_1_62' title='bbox 508 1053 561 1063; x_wconf 92' lang='lat'>-</span> <span class='ocrx_word' id='word_1_63' title='bbox 603 1041 902 1093; x_wconf 81' lang='lat' dir='ltr'><strong>quumque,</strong></span> <span class='ocrx_word' id='word_1_64' title='bbox 922 1023 974 1073; x_wconf 91' lang='lat' dir='ltr'><strong>id</strong></span> <span class='ocrx_word' id='word_1_65' title='bbox 998 1022 1137 1093; x_wconf 87' lang='lat' dir='ltr'><strong>quod</strong></span> <span class='ocrx_word' id='word_1_66' title='bbox 1165 1026 1303 1075; x_wconf 88' lang='lat' dir='ltr'><strong>omni</strong></span> <span class='ocrx_word' id='word_1_67' title='bbox 1333 1023 1481 1074; x_wconf 87' lang='lat' dir='ltr'><strong>laude</strong></span> 
     </span>
     <span class='ocr_line' id='line_1_13' title="bbox 112 1106 1479 1191; baseline 0.002 -37"><span class='ocrx_word' id='word_1_68' title='bbox 112 1114 262 1173; x_wconf 85' lang='lat' dir='ltr'><strong>atque</strong></span> <span class='ocrx_word' id='word_1_69' title='bbox 285 1106 656 1174; x_wconf 81' lang='lat' dir='ltr'><strong>praedicatione</strong></span> <span class='ocrx_word' id='word_1_70' title='bbox 674 1107 1016 1175; x_wconf 85' lang='lat' dir='ltr'><strong>dignissimum</strong></span> <span class='ocrx_word' id='word_1_71' title='bbox 1038 1106 1298 1165; x_wconf 83' lang='lat' dir='ltr'><strong>habeatur,</strong></span> <span class='ocrx_word' id='word_1_72' title='bbox 1326 1125 1479 1191; x_wconf 84' lang='lat' dir='ltr'><strong>quae-</strong></span> 
     </span>
     <span class='ocr_line' id='line_1_14' title="bbox 113 1187 1491 1255; baseline 0.002 -20"><span class='ocrx_word' id='word_1_73' title='bbox 113 1205 316 1254; x_wconf 89' lang='lat' dir='ltr'><strong>cunque</strong></span> <span class='ocrx_word' id='word_1_74' title='bbox 341 1205 370 1235; x_wconf 83' lang='lat' dir='ltr'><strong>a</strong></span> <span class='ocrx_word' id='word_1_75' title='bbox 396 1187 708 1238; x_wconf 85' lang='lat' dir='ltr'><strong>feracissimis</strong></span> <span class='ocrx_word' id='word_1_76' title='bbox 737 1187 834 1238; x_wconf 83' lang='lat' dir='ltr'><strong>illis</strong></span> <span class='ocrx_word' id='word_1_77' title='bbox 860 1206 918 1237; x_wconf 85' lang='lat' dir='ltr'><strong>ac</strong></span> <span class='ocrx_word' id='word_1_78' title='bbox 945 1205 1104 1255; x_wconf 87' lang='lat' dir='ltr'><strong>paene</strong></span> <span class='ocrx_word' id='word_1_79' title='bbox 1140 1187 1359 1238; x_wconf 80' lang='lat' dir='ltr'><strong>divinis&#39;</strong></span> <span class='ocrx_word' id='word_1_80' title='bbox 1344 1187 1491 1255; x_wconf 81' lang='lat' dir='ltr'><strong>inge··</strong></span> 
     </span>
     <span class='ocr_line' id='line_1_15' title="bbox 111 1267 1491 1337; baseline 0.003 -21"><span class='ocrx_word' id='word_1_81' title='bbox 111 1269 206 1319; x_wconf 83' lang='lat' dir='ltr'><strong>niis</strong></span> <span class='ocrx_word' id='word_1_82' title='bbox 242 1269 440 1319; x_wconf 78' lang='lat' dir='ltr'><strong>eximio</strong></span> <span class='ocrx_word' id='word_1_83' title='bbox 466 1268 631 1319; x_wconf 80' lang='lat' dir='ltr'><strong>studio</strong></span> <span class='ocrx_word' id='word_1_84' title='bbox 671 1287 728 1319; x_wconf 84' lang='lat' dir='ltr'><strong>ac</strong></span> <span class='ocrx_word' id='word_1_85' title='bbox 756 1267 930 1319; x_wconf 85' lang='lat' dir='ltr'><strong>labore</strong></span> <span class='ocrx_word' id='word_1_86' title='bbox 957 1267 1226 1320; x_wconf 86' lang='lat' dir='ltr'><strong>indefesso</strong></span> <span class='ocrx_word' id='word_1_87' title='bbox 1220 1268 1491 1337; x_wconf 61' lang='lat' dir='ltr'><strong>excogitae</strong></span> 
     </span>
     <span class='ocr_line' id='line_1_16' title="bbox 110 1351 1493 1420; baseline 0.002 -22"><span class='ocrx_word' id='word_1_88' title='bbox 110 1360 286 1401; x_wconf 84' lang='lat' dir='ltr'><strong>rentur</strong></span> <span class='ocrx_word' id='word_1_89' title='bbox 312 1361 362 1400; x_wconf 89' lang='lat' dir='ltr'><strong>et</strong></span> <span class='ocrx_word' id='word_1_90' title='bbox 387 1351 744 1420; x_wconf 84' lang='lat' dir='ltr'><strong>proderentur,</strong></span> <span class='ocrx_word' id='word_1_91' title='bbox 780 1352 843 1400; x_wconf 86' lang='lat' dir='ltr'><strong>ab</strong></span> <span class='ocrx_word' id='word_1_92' title='bbox 874 1351 1048 1400; x_wconf 88' lang='lat' dir='ltr'><strong>iisdem</strong></span> <span class='ocrx_word' id='word_1_93' title='bbox 1082 1354 1229 1401; x_wconf 89' lang='lat' dir='ltr'><strong>etiam</strong></span> <span class='ocrx_word' id='word_1_94' title='bbox 1257 1352 1318 1400; x_wconf 90' lang='lat' dir='ltr'><strong>ad</strong></span> <span class='ocrx_word' id='word_1_95' title='bbox 1338 1370 1493 1401; x_wconf 82' lang='lat' dir='ltr'><strong>sum--</strong></span> 
     </span>
     <span class='ocr_line' id='line_1_17' title="bbox 109 1428 1481 1504; baseline 0.002 -22"><span class='ocrx_word' id='word_1_96' title='bbox 109 1451 252 1483; x_wconf 91' lang='lat' dir='ltr'><strong>mum</strong></span> <span class='ocrx_word' id='word_1_97' title='bbox 285 1433 409 1494; x_wconf 88' lang='lat' dir='ltr'><strong>fere,</strong></span> <span class='ocrx_word' id='word_1_98' title='bbox 448 1433 586 1504; x_wconf 82' lang='lat' dir='ltr'><strong>quod</strong></span> <span class='ocrx_word' id='word_1_99' title='bbox 618 1435 857 1503; x_wconf 83' lang='lat' dir='ltr'><strong>attingere</strong></span> <span class='ocrx_word' id='word_1_100' title='bbox 881 1432 957 1484; x_wconf 83' lang='lat' dir='ltr'><strong>fas</strong></span> <span class='ocrx_word' id='word_1_101' title='bbox 982 1442 1126 1494; x_wconf 89' lang='lat' dir='ltr'><strong>esset,</strong></span> <span class='ocrx_word' id='word_1_102' title='bbox 1161 1428 1481 1504; x_wconf 84' lang='lat' dir='ltr'><strong>perfectionis</strong></span> 
     </span>
     <span class='ocr_line' id='line_1_18' title="bbox 108 1515 1474 1585; baseline 0.002 -22"><span class='ocrx_word' id='word_1_103' title='bbox 108 1515 361 1584; x_wconf 83' lang='lat' dir='ltr'><strong>fastigium</strong></span> <span class='ocrx_word' id='word_1_104' title='bbox 401 1517 770 1584; x_wconf 79' lang='lat' dir='ltr'><strong>adducerentur</strong></span> <span class='ocrx_word' id='word_1_105' title='bbox 777 1538 791 1577; x_wconf 82' lang='lat'>3</span> <span class='ocrx_word' id='word_1_106' title='bbox 839 1532 1001 1585; x_wconf 85' lang='lat' dir='ltr'><strong>quum</strong></span> <span class='ocrx_word' id='word_1_107' title='bbox 1037 1519 1198 1567; x_wconf 85' lang='lat' dir='ltr'><strong>omnis</strong></span> <span class='ocrx_word' id='word_1_108' title='bbox 1235 1517 1474 1585; x_wconf 88' lang='lat' dir='ltr'><strong>denique,</strong></span> 
     </span>
     <span class='ocr_line' id='line_1_19' title="bbox 108 1598 1473 1668; baseline 0.001 -21"><span class='ocrx_word' id='word_1_109' title='bbox 108 1617 211 1665; x_wconf 88' lang='lat' dir='ltr'><strong>qua</strong></span> <span class='ocrx_word' id='word_1_110' title='bbox 226 1598 440 1665; x_wconf 68' lang='lat' dir='ltr'><strong>gaudeat</strong></span> <span class='ocrx_word' id='word_1_111' title='bbox 455 1608 635 1650; x_wconf 77' lang='lat' dir='ltr'><strong>nostra</strong></span> <span class='ocrx_word' id='word_1_112' title='bbox 649 1604 779 1649; x_wconf 84' lang='lat' dir='ltr'><strong>aetas</strong></span> <span class='ocrx_word' id='word_1_113' title='bbox 806 1605 1008 1668; x_wconf 83' lang='lat' dir='ltr'><strong>quaque</strong></span> <span class='ocrx_word' id='word_1_114' title='bbox 1029 1599 1235 1650; x_wconf 84' lang='lat' dir='ltr'><strong>excellat</strong></span> <span class='ocrx_word' id='word_1_115' title='bbox 1257 1598 1473 1660; x_wconf 83' lang='lat' dir='ltr'><strong>cultura,</strong></span> 
     </span>
     <span class='ocr_line' id='line_1_20' title="bbox 107 1678 1492 1748; baseline 0.002 -20"><span class='ocrx_word' id='word_1_116' title='bbox 107 1679 225 1729; x_wconf 89' lang='lat' dir='ltr'><strong>licet</strong></span> <span class='ocrx_word' id='word_1_117' title='bbox 246 1678 531 1748; x_wconf 81' lang='lat' dir='ltr'><strong>temporum</strong></span> <span class='ocrx_word' id='word_1_118' title='bbox 553 1680 909 1739; x_wconf 80' lang='lat' dir='ltr'><strong>vicissitudine,</strong></span> <span class='ocrx_word' id='word_1_119' title='bbox 942 1686 1144 1729; x_wconf 88' lang='lat' dir='ltr'><strong>morum</strong></span> <span class='ocrx_word' id='word_1_120' title='bbox 1175 1680 1492 1740; x_wconf 77' lang='lat' dir='ltr'><strong>diversitate,</strong></span> 
     </span>
     <span class='ocr_line' id='line_1_21' title="bbox 105 1760 1492 1830; baseline 0.002 -19"><span class='ocrx_word' id='word_1_121' title='bbox 105 1762 407 1829; x_wconf 85' lang='lat' dir='ltr'><strong>religionum</strong></span> <span class='ocrx_word' id='word_1_122' title='bbox 436 1779 612 1829; x_wconf 79' lang='lat' dir='ltr'><strong>magna</strong></span> <span class='ocrx_word' id='word_1_123' title='bbox 639 1760 990 1830; x_wconf 83' lang='lat' dir='ltr'><strong>discrepantia,</strong></span> <span class='ocrx_word' id='word_1_124' title='bbox 1027 1761 1178 1812; x_wconf 84' lang='lat' dir='ltr'><strong>facies</strong></span> <span class='ocrx_word' id='word_1_125' title='bbox 1204 1762 1492 1814; x_wconf 73' lang='lat' dir='ltr'><strong>eiusva&#39;rio&#39;</strong></span> 
     </span>
     <span class='ocr_line' id='line_1_22' title="bbox 105 1834 1492 1913; baseline -0.001 -16"><span class='ocrx_word' id='word_1_126' title='bbox 105 1844 257 1897; x_wconf 82' lang='lat' dir='ltr'><strong>modo</strong></span> <span class='ocrx_word' id='word_1_127' title='bbox 275 1846 636 1902; x_wconf 79' lang='lat' dir='ltr'><strong>immutaretur,</strong></span> <span class='ocrx_word' id='word_1_128' title='bbox 647 1834 900 1912; x_wconf 28' lang='lat' dir='ltr'><strong>‘originem</strong></span> <span class='ocrx_word' id='word_1_129' title='bbox 917 1853 1084 1893; x_wconf 86' lang='lat' dir='ltr'><strong>tamen</strong></span> <span class='ocrx_word' id='word_1_130' title='bbox 1100 1845 1492 1913; x_wconf 74' lang='lat' dir='ltr'><strong>primaque-ini-2³</strong></span> 
     </span>
     <span class='ocr_line' id='line_1_23' title="bbox 105 1925 1493 1995; baseline 0.001 -20"><span class='ocrx_word' id='word_1_131' title='bbox 105 1929 172 1976; x_wconf 85' lang='lat' dir='ltr'><strong>tia</strong></span> <span class='ocrx_word' id='word_1_132' title='bbox 204 1927 518 1978; x_wconf 85' lang='lat' dir='ltr'><strong>Graecorum</strong></span> <span class='ocrx_word' id='word_1_133' title='bbox 551 1925 845 1976; x_wconf 81' lang='lat' dir='ltr'><strong>clarissimae</strong></span> <span class='ocrx_word' id='word_1_134' title='bbox 885 1928 1167 1995; x_wconf 81' lang='lat' dir='ltr'><strong>antiquitati</strong></span> <span class='ocrx_word' id='word_1_135' title='bbox 1207 1927 1493 1978; x_wconf 50' lang='lat' dir='ltr'><strong>debeatur}</strong></span> 
     </span>
     <span class='ocr_line' id='line_1_24' title="bbox 106 2006 1476 2079; baseline 0 -21"><span class='ocrx_word' id='word_1_136' title='bbox 106 2007 674 2079; x_wconf 85' lang='lat' dir='ltr'><strong>philosophiaquoque,</strong></span> <span class='ocrx_word' id='word_1_137' title='bbox 712 2014 828 2058; x_wconf 78' lang='lat' dir='ltr'><strong>non&#39;</strong></span> <span class='ocrx_word' id='word_1_138' title='bbox 847 2007 986 2058; x_wconf 87' lang='lat' dir='ltr'><strong>rudis</strong></span> <span class='ocrx_word' id='word_1_139' title='bbox 1018 2006 1122 2068; x_wconf 89' lang='lat' dir='ltr'><strong>illa,</strong></span> <span class='ocrx_word' id='word_1_140' title='bbox 1160 2026 1187 2058; x_wconf 87' lang='lat' dir='ltr'><strong>e</strong></span> <span class='ocrx_word' id='word_1_141' title='bbox 1220 2007 1476 2078; x_wconf 79' lang='lat' dir='ltr'><strong>phantasia</strong></span> 
     </span>
     <span class='ocr_line' id='line_1_25' title="bbox 107 2091 1496 2158; baseline 0.001 -19"><span class='ocrx_word' id='word_1_142' title='bbox 107 2094 261 2157; x_wconf 83' lang='lat' dir='ltr'><strong>magis</strong></span> <span class='ocrx_word' id='word_1_143' title='bbox 292 2092 535 2148; x_wconf 80' lang='lat' dir='ltr'><strong>indomita</strong></span> <span class='ocrx_word' id='word_1_144' title='bbox 556 2108 710 2157; x_wconf 87' lang='lat' dir='ltr'><strong>quam</strong></span> <span class='ocrx_word' id='word_1_145' title='bbox 734 2091 936 2147; x_wconf 84' lang='lat' dir='ltr'><strong>subacta</strong></span> <span class='ocrx_word' id='word_1_146' title='bbox 963 2091 1154 2139; x_wconf 85' lang='lat' dir='ltr'><strong>ratione</strong></span> <span class='ocrx_word' id='word_1_147' title='bbox 1181 2100 1308 2149; x_wconf 73' lang='lat' dir='ltr'><strong>orta,</strong></span> <span class='ocrx_word' id='word_1_148' title='bbox 1347 2108 1496 2158; x_wconf 62' lang='lat' dir='ltr'><strong>quae&#39;</strong></span> 
     </span>
     <span class='ocr_line' id='line_1_26' title="bbox 107 2171 1473 2242; baseline 0.001 -19"><span class='ocrx_word' id='word_1_149' title='bbox 107 2171 443 2224; x_wconf 88' lang='lat' dir='ltr'><strong>nihilominus</strong></span> <span class='ocrx_word' id='word_1_150' title='bbox 472 2171 607 2241; x_wconf 85' lang='lat' dir='ltr'><strong>apud</strong></span> <span class='ocrx_word' id='word_1_151' title='bbox 647 2181 831 2224; x_wconf 83' lang='lat' dir='ltr'><strong>ceteras</strong></span> <span class='ocrx_word' id='word_1_152' title='bbox 873 2190 1044 2224; x_wconf 85' lang='lat' dir='ltr'><strong>omnes</strong></span> <span class='ocrx_word' id='word_1_153' title='bbox 1084 2174 1280 2242; x_wconf 77' lang='lat' dir='ltr'><strong>priscas.</strong></span> <span class='ocrx_word' id='word_1_154' title='bbox 1314 2176 1473 2224; x_wconf 84' lang='lat' dir='ltr'><strong>natio·</strong></span> 
     </span>
     <span class='ocr_line' id='line_1_27' title="bbox 107 2254 1486 2324; baseline 0 -19"><span class='ocrx_word' id='word_1_155' title='bbox 107 2273 194 2307; x_wconf 88' lang='lat' dir='ltr'><strong>nes</strong></span> <span class='ocrx_word' id='word_1_156' title='bbox 205 2256 278 2324; x_wconf 83' lang='lat'><strong>(²)</strong></span> <span class='ocrx_word' id='word_1_157' title='bbox 295 2264 395 2304; x_wconf 84' lang='lat' dir='ltr'><strong>tam</strong></span> <span class='ocrx_word' id='word_1_158' title='bbox 412 2254 500 2303; x_wconf 89' lang='lat' dir='ltr'><strong>diu</strong></span> <span class='ocrx_word' id='word_1_159' title='bbox 517 2255 712 2323; x_wconf 81' lang='lat' dir='ltr'><strong>vigebat</strong></span> <span class='ocrx_word' id='word_1_160' title='bbox 729 2264 779 2306; x_wconf 90' lang='lat' dir='ltr'><strong>et</strong></span> <span class='ocrx_word' id='word_1_161' title='bbox 794 2254 875 2306; x_wconf 80' lang='lat' dir='ltr'><strong>vel</strong></span> <span class='ocrx_word' id='word_1_162' title='bbox 891 2255 1073 2316; x_wconf 86' lang='lat' dir='ltr'><strong>adhuc,</strong></span> <span class='ocrx_word' id='word_1_163' title='bbox 1097 2265 1231 2306; x_wconf 84' lang='lat' dir='ltr'><strong>tanta</strong></span> <span class='ocrx_word' id='word_1_164' title='bbox 1253 2254 1486 2313; x_wconf 73' lang='lat' dir='ltr'><strong>saeculo-</strong></span> 
     </span>
     <span class='ocr_line' id='line_1_28' title="bbox 108 2333 1472 2428; baseline -0.002 -41"><span class='ocrx_word' id='word_1_165' title='bbox 108 2356 225 2387; x_wconf 79' lang='lat' dir='ltr'><strong>lum</strong></span> <span class='ocrx_word' id='word_1_166' title='bbox 251 2340 374 2387; x_wconf 83' lang='lat' dir='ltr'><strong>serie</strong></span> <span class='ocrx_word' id='word_1_167' title='bbox 397 2338 729 2388; x_wconf 86' lang='lat' dir='ltr'><strong>intercedente</strong></span> <span class='ocrx_word' id='word_1_168' title='bbox 751 2339 886 2407; x_wconf 88' lang='lat' dir='ltr'><strong>apud</strong></span> <span class='ocrx_word' id='word_1_169' title='bbox 907 2333 1156 2428; x_wconf 74' lang='lat' dir='ltr'><strong>barbaros</strong></span> <span class='ocrx_word' id='word_1_170' title='bbox 1171 2341 1306 2395; x_wconf 85' lang='lat' dir='ltr'><strong>istos,</strong></span> <span class='ocrx_word' id='word_1_171' title='bbox 1335 2346 1472 2386; x_wconf 86' lang='lat' dir='ltr'><strong>extra</strong></span> 
     </span>
    </p>
   </div>
   <div class='ocr_carea' id='block_1_3' title="bbox 191 2467 1471 2592">
    <p class='ocr_par' dir='ltr' id='par_1_4' title="bbox 191 2467 1455 2592">
     <span class='ocr_line' id='line_1_29' title="bbox 191 2467 1077 2526; baseline -0.002 -16"><span class='ocrx_word' id='word_1_172' title='bbox 191 2469 251 2526; x_wconf 94' lang='lat'><strong>(¹)</strong></span> <span class='ocrx_word' id='word_1_173' title='bbox 281 2469 347 2510; x_wconf 85' lang='lat' dir='ltr'><strong>Cf.</strong></span> <span class='ocrx_word' id='word_1_174' title='bbox 362 2468 450 2510; x_wconf 88' lang='lat' dir='ltr'><strong>Cic.</strong></span> <span class='ocrx_word' id='word_1_175' title='bbox 465 2467 515 2509; x_wconf 88' lang='lat' dir='ltr'><strong>de</strong></span> <span class='ocrx_word' id='word_1_176' title='bbox 533 2467 651 2510; x_wconf 80' lang='lat' dir='ltr'><strong>finib.</strong></span> <span class='ocrx_word' id='word_1_177' title='bbox 664 2467 765 2510; x_wconf 88' lang='lat' dir='ltr'><strong>bon.</strong></span> <span class='ocrx_word' id='word_1_178' title='bbox 769 2477 823 2511; x_wconf 89' lang='lat' dir='ltr'><strong>et</strong></span> <span class='ocrx_word' id='word_1_179' title='bbox 837 2467 937 2510; x_wconf 87' lang='lat' dir='ltr'><strong>mal.</strong></span> <span class='ocrx_word' id='word_1_180' title='bbox 951 2469 997 2518; x_wconf 85' lang='grc' dir='ltr'><strong>Ι,-</strong></span> <span class='ocrx_word' id='word_1_181' title='bbox 1008 2469 1077 2509; x_wconf 87' lang='grc'><strong>21.</strong></span> 
     </span>
     <span class='ocr_line' id='line_1_30' title="bbox 191 2530 1471 2592; baseline -0.006 -13"><span class='ocrx_word' id='word_1_182' title='bbox 191 2536 252 2592; x_wconf 73' lang='lat'><strong>(2)</strong></span> <span class='ocrx_word' id='word_1_183' title='bbox 275 2537 358 2578; x_wconf 82' lang='lat' dir='ltr'><strong>Cf</strong></span> <span class='ocrx_word' id='word_1_184' title='bbox 374 2535 553 2576; x_wconf 83' lang='lat' dir='ltr'><strong>Heinr.</strong></span> <span class='ocrx_word' id='word_1_185' title='bbox 582 2532 772 2577; x_wconf 82' lang='lat' dir='ltr'><strong>Ritter:</strong></span> <span class='ocrx_word' id='word_1_186' title='bbox 824 2536 1066 2579; x_wconf 70' lang='lat' dir='ltr'><strong>Gescbichte</strong></span> <span class='ocrx_word' id='word_1_187' title='bbox 1088 2532 1178 2575; x_wconf 72' lang='lat' dir='ltr'><strong>dee·</strong></span> <span class='ocrx_word' id='word_1_188' title='bbox 1183 2530 1471 2592; x_wconf 63' lang='grc' dir='ltr'><strong>ΡΙι-ἰιωορῇίε,</strong></span> 
     </span>
    </p>
   </div>
   <div class='ocr_carea' id='block_1_4' title="bbox 110 2599 708 2659">
    <p class='ocr_par' dir='ltr' id='par_1_5' title="bbox 110 2599 708 2659">
     <span class='ocr_line' id='line_1_31' title="bbox 110 2599 708 2659; baseline -0.003 -12"><span class='ocrx_word' id='word_1_189' title='bbox 110 2611 296 2659; x_wconf 46' lang='grc' dir='ltr'>Ρωηρι·</span> <span class='ocrx_word' id='word_1_190' title='bbox 313 2604 413 2647; x_wconf 81' lang='lat' dir='ltr'><strong>libr.</strong></span> <span class='ocrx_word' id='word_1_191' title='bbox 425 2599 478 2645; x_wconf 89' lang='lat'><strong>11.</strong></span> <span class='ocrx_word' id='word_1_192' title='bbox 496 2600 708 2659; x_wconf 78' lang='lat' dir='ltr'><strong>p.45sqq.</strong></span> 
     </span>
    </p>
   </div>
  </div>
 </body>
</html>
