1669 2878
150 86 220 132 38-
605 91 784 127 mnan
820 92 1054 127 pamas,

648 198 874 251 CAPUT
897 199 1031 248 ‹XIL
1116 197 1119 202 ’
1195 194 1198 199 ’

207 288 210 289 ’
289 282 662 351 Philosophiam
684 300 796 340 nos,
822 292 884 331 ut
903 284 1125 351 primum
1148 281 1377 330 omnium
1396 299 1524 349 quae

157 366 220 417 sit
252 365 360 416 eius
393 365 535 414 notio
560 379 869 432 ⁴quaeramus
900 370 1108 430 eamque
1133 358 1341 410 definire
1370 370 1527 412 tente-

157 468 290 507 mus,
314 445 783 514 contemplationem
801 446 1011 494 dicimus
1029 462 1198 493 rerum
1216 443 1526 502 rationalem,

158 550 259 599 qua
287 528 410 597 quid
436 546 551 578 vere
578 530 695 584 sint,
726 526 1051 596 intelligatur.
1093 526 1234 576 Hanc
1264 536 1428 576 autem
1456 525 1533 574 de-

159 613 457 668 finitionem,
491 629 652 678 quum
680 609 743 658 ab
772 608 879 658 aliis
906 608 1053 657 aliam
1076 608 1351 678 profectam
1375 608 1533 656 videa-

156 714 288 752 mus,
320 712 380 743 ex
408 695 562 762 ipsius
591 691 872 742 Aristotelis
900 692 1064 742 verbis
1093 704 1225 742 recte
1253 691 1361 741 elici
1388 708 1532 759 posse

157 777 479 826 arbitramur:
519 774 742 847 ,‚'Og›&ffi‹;
761 771 804 823 δὲ
827 805 880 813 -
905 775 973 824 ait
994 772 1079 823 ilie
1103 804 1157 813 -
1181 768 1278 837 ἔχει
1297 770 1433 823 καὶτὸ
1452 793 1533 822 κα-

160 857 289 909 λέσαι
306 855 383 917 τὴν
403 855 665 924 φιλοσοφίαν
684 852 920 917 ἐπιστήμην
938 858 1012 914 τῆς
1029 854 1240 913 ἀληθείας
1249 851 1535 927 θεωρητικήν·

163 942 435 1014 θεωρητικῆς
455 937 529 1000 μὲν
550 937 637 1012 γὰρ
656 935 777 990 τέλος
792 933 1028 996 &staff
1042 938 1135 1005 ·.(¹)
1173 938 1243 988 At
1259 938 1420 1006 quum
1437 937 1536 988 hee

159 1026 354 1072 intersit
382 1025 513 1070 inter
539 1022 795 1072 hominem
814 1030 1075 1089 ceteraque
1093 1022 1375 1080 animantia,
1398 1021 1537 1088 quod

159 1104 296 1156 solus
332 1103 417 1154 ille
450 1106 642 1155 ratione
677 1104 876 1172 gaudet:
914 1103 1043 1153 nihil
1076 1105 1280 1153 omnino
1316 1112 1538 1154 contem-

162 1187 293 1255 plari
312 1204 457 1255 posse
474 1188 567 1235 nisi
586 1188 778 1235 ratione
796 1186 1059 1234 adiuvante
1076 1186 1320 1242 videmur,
1345 1187 1408 1234 ita
1426 1187 1541 1252 qui-

160 1270 276 1321 dem
311 1279 372 1319 ut
408 1288 570 1337 quum
606 1288 782 1319 vocem
825 1270 1098 1318 rationalem
1139 1288 1289 1337 supra
1329 1287 1537 1337 ponere-

160 1371 303 1412 mus,
360 1345 713 1421 supervacanei
755 1350 944 1420 aliquid
985 1350 1224 1402 addidisse
1264 1350 1534 1401 videamur.

167 1436 269 1485 Sed
302 1437 430 1484 ratio
466 1453 556 1485 seu
592 1436 823 1501 cogitatio
856 1434 1075 1501 vulgaris
1109 1452 1410 1501 magnopere
1444 1435 1539 1482 dif-

161 1516 264 1567 fert
290 1536 318 1565 a
349 1518 542 1567 ratione
572 1515 936 1587 philosophica,
972 1534 1133 1586 quum
1159 1514 1310 1566 altera
1338 1515 1540 1584 quidem

164 1609 395 1649 externas
413 1617 586 1648 rerum
605 1602 811 1668 species,
835 1616 975 1648 sensa
992 1602 1193 1667 visaque
1218 1600 1417 1665 (Graeci
1437 1612 1541 1663 φαι-

165 1676 317 1744 νόμενα
356 1684 566 1750 vocant)
603 1683 863 1752 percipiat,
903 1681 1054 1733 altera
1089 1691 1262 1732 contra
1296 1683 1542 1731 internam

164 1767 388 1835 ipsarum
420 1763 641 1815 indolem
676 1759 917 1832 (νοούμενα)
949 1765 1214 1834 perspiciat
1239 1772 1288 1813 et
1314 1763 1374 1811 ad
1401 1766 1542 1832 peni·

165 1857 246 1898 tus
276 1866 354 1898 eas
382 1848 747 1914 cognoscendas
773 1848 1114 1915 progrediens,
1142 1846 1266 1914 quid
1287 1864 1401 1895 vere
1424 1839 1552 1907 sint,

162 1931 464 1997 investigare
499 1940 727 1979 conetur.
792 1929 929 1978 Haec
960 1946 1081 1978 vero
1114 1931 1465 1996 perscrutatio,
1503 1932 1543 1980 si

164 2012 318 2062 modo
336 2021 471 2061 recte
489 2013 785 2068 instituitur,
810 2012 1066 2061 veritatem
1085 2010 1287 2079 quidem
1305 2013 1462 2080 ipsam
1479 2021 1545 2062 at-

166 2096 330 2162 tingit,
361 2095 446 2144 sed
464 2114 572 2145 eam
589 2114 693 2145 non
712 2094 984 2145 admodum
1000 2093 1136 2145 facili
1154 2088 1373 2163 ne'gotio.
1412 2095 1545 2146 Hinc

164 2176 243 2234 fit,
265 2184 325 2225 ut
340 2176 759 2245 philosophorum
777 2177 948 2229 nullus
966 2180 1222 2227 materiam
1241 2177 1476 2246 aliquam,
1492 2181 1545 2227 in

165 2258 392 2309 medium
421 2258 683 2329 prolatam,
721 2261 785 2310 ab
814 2260 1051 2311 omnibus
1082 2263 1289 2311 omnino
1319 2261 1545 2329 partibus

166 2341 395 2411 exploret
421 2352 571 2412 atque
598 2343 838 2402 absolvat,
875 2343 958 2394 sed
993 2345 1344 2414 unusquisque
1371 2361 1547 2395 eorum

164 2426 226 2475 ad
243 2426 576 2484 formandam,
598 2427 939 2497 explicandam
956 2438 1006 2479 et
1022 2427 1420 2497 amplificandam
1435 2428 1548 2477 doc-

247 2608 304 2661 (¹)
336 2609 508 2649 Aristot.
523 2610 704 2664 Metaph.
719 2611 772 2659 ΙΙ,
786 2612 826 2652 1.
862 2659 867 2661 ῃ
