1669 2878
567 86 1023 124 PnonnoouaNA.
1058 79 1062 85 '
1368 97 1371 102 ·
1414 81 1478 126 33

107 200 319 252 alicuius
346 198 682 266 cognitionem
703 190 989 264 requirunt,
1014 199 1287 251 necessario
1311 200 1473 269 impar

104 281 368 351 reperitur,
390 297 686 350 semperque
708 278 895 336 idcireo
909 276 1154 346 .unum(=¹)
1174 288 1262 329 aut
1279 277 1468 348 plurem

105 365 193 432 qui
215 382 323 425 eam
339 365 439 414 suis
463 361 681 413 consiliis
704 361 916 428 dirigant
938 371 989 411 et
1013 359 1242 412 consulta
1268 373 1354 418 aut
1377 366 1473 431 ipsi

104 455 440 515 exsequantur
450 453 538 495 aut
548 442 805 511 quomodo
818 443 1127 513 exsequenda
1136 444 1235 494 sint
1244 442 1471 505 doceant,

104 528 382 578 desiderare*
402 536 453 576 et
480 543 719 595 quaerere
742 543 850 575 eam
876 535 1099 595 oportet:
1128 526 1236 574 fieri
1260 544 1364 576 non
1387 544 1475 596 po-

101 613 217 669 tuit,
237 612 363 678 quin
386 607 574 658 invidia
597 618 647 659 et
670 608 978 669 obtrectatio,
1000 608 1186 677 quibus
1202 610 1254 659 in
1271 609 1473 679 publica

104 691 363 742 commoda
404 689 532 740 nihil
572 709 798 759 unquam
829 693 1175 761 perniciosius,
1213 701 1472 762 tantopere

102 781 368 842 augeretur
393 771 704 842 quantopere
731 772 912 841 aliquis
937 772 1119 840 gloria,
1157 775 1259 824 sive
1283 778 1474 844 magnis

102 858 156 905 in
173 855 307 905 bello
335 855 641 907 facinoribus
669 857 771 906 sive
798 857 851 904 in
876 872 1000 924 pace
1027 857 1179 913 animi
1205 858 1476 913 virtutibus

101 941 202 990 sive
220 957 521 1008 quacunque
546 938 640 989 alia
663 942 856 1002 ratione
882 948 1043 1007 parta,
1069 947 1316 1007 praestare
1344 949 1475 991 cete-

100 1039 183 1073 ros
202 1023 529 1091 omniumque
546 1020 846 1091 aequalitati,
878 1039 976 1090 qua
1005 1019 1209 1090 quidem
1233 1020 1361 1071 nihil
1384 1021 1473 1071 ha-

100 1105 304 1154 beretur
339 1103 630 1173 optabilius,
675 1123 857 1155 nocere
891 1104 1161 1154 videretur.
1230 1105 1474 1156 Memine-

102 1188 205 1237 rint
246 1186 454 1245 lectores
487 1205 698 1247 eorum,
746 1205 876 1257 quae
916 1185 1051 1255 apud
1085 1185 1380 1237 Ciceronem
1413 1187 1475 1238 de

101 1269 325 1337 Ephesiis
345 1269 721 1336 traduntur(2):
751 1271 1011 1320 universos
1029 1285 1219 1336 ‚nempe
1237 1261 1476 1337 Ephesios

103 1369 204 1402 esse
215 1361 374 1403 morte
385 1350 716 1417 mulctandos,
738 1370 800 1402 ex
809 1350 1047 1402 Heracliti
1058 1352 1316 1412 sententia,
1336 1351 1475 1421 quod

102 1452 264 1500 quum
281 1453 340 1482 ex
360 1436 555 1483 civitate
572 1432 881 1501 expellerent
895 1432 1285 1491 Hermodorum,
1305 1436 1375 1482 ita
1400 1434 1475 1483 lo-

103 1517 205 1565 cuti
223 1519 347 1566 sint:
383 1516 545 1565 Nemo
565 1515 625 1565 de
641 1516 788 1565 nobis
805 1534 938 1566 unus
958 1514 1180 1575 excellat,
1202 1516 1242 1565 si
1259 1517 1374 1582 quis
1391 1533 1475 1565 ex-

102 1601 297 1657 stiterit,
318 1598 415 1649 alio
433 1600 485 1647 in
502 1597 617 1649 loco
636 1607 685 1649 et
709 1599 843 1667 apud
869 1597 990 1650 alios
1018 1600 1098 1649 sit.
1125 1628 1179 1637 —
1220 1597 1330 1648 Hoc
1359 1616 1475 1650 sane

103 1680 433 1750 Ephesiorum
469 1681 724 1732 decretum
758 1682 992 1731 omnibus
1027 1682 1233 1732 omnino
1262 1681 1476 1733 Graeco-

104 1782 220 1813 rum
257 1763 538 1814 civitatibus
576 1762 821 1833 placuisse
854 1763 1078 1813 videturs
1138 1764 1248 1812 Iam
1281 1781 1340 1813 ex
1375 1763 1473 1824 his,

104 1858 347 1914 quantum
381 1847 614 1915 equidem
655 1848 813 1896 sentio
829 1883 842 1904 ,
884 1838 1001 1896 satis
1044 1845 1305 1896 enucleare
1329 1846 1477 1908 licet,

105 1928 227 1997 quid
261 1930 340 1987 sit,
378 1929 517 1998 quod
552 1927 903 1979 excellentium
927 1929 1171 1988 virorum,
1209 1947 1301 1997 per
1327 1937 1479 1980 totam

104 2010 210 2061 fere
227 2010 487 2062 Graeciam
504 2011 635 2062 fama
653 2010 1034 2071 celebratorum,
1056 2009 1269 2081 publice
1287 2012 1480 2062 institu-

105 2102 182 2143 tae
210 2092 515 2144 laudationes
539 2113 644 2145 non
676 2104 778 2144 tam
811 2093 996 2144 horum
1030 2095 1082 2141 in
1117 2093 1481 2163 rempublicam

106 2176 298 2232 merita,
321 2194 473 2243 quam
490 2179 711 2246 ipsarum
734 2177 958 2235 urbium,
987 2195 1204 2244 quarum
1230 2187 1391 2228 essent
1416 2179 1478 2225 ci-

107 2276 210 2316 ves,
239 2256 445 2325 gloriam
469 2259 707 2309 extollere
731 2260 1065 2327 laudibusque
1082 2261 1291 2309 maiores
1307 2260 1476 2325 potius

191 2404 251 2459 (¹)
282 2406 346 2445 Cf.
372 2405 627 2447 verissimum
656 2406 763 2448 illud
781 2404 1031 2461 Thucydidis
1049 2396 1099 2446 de
1117 2403 1287 2445 Periclis
1302 2402 1480 2444 admini—

109 2472 299 2513 strattone
329 2471 551 2513 iudicium·
580 2472 637 2525 {eya
633 2468 751 2524 ’(γνετο
779 2467 821 2512 δὲ
840 2467 944 2523 λόγῳ
971 2464 1038 2518 μὲν
1061 2466 1299 2528 δημοκρατία,
1321 2465 1418 2528 ἔργῳ
1438 2461 1497 2509 δὲ’

112 2535 182 2576 ὑπὸ
201 2556 265 2580 του
287 2555 430 2595 πρωτου
450 2537 624 2596 οῳδρός’
598 2534 720 2596 αρχῆ.
738 2538 924 2595 Thucyd·
939 2539 992 2589 II,
999 2537 1096 2585 65.

198 2603 235 2658 (²
242 2604 257 2660 )
288 2607 421 2650 Cicer.
436 2608 558 2648 Tusc.
566 2607 620 2648 V.
628 2605 720 2654 36.

1181 2682 1209 2723 3
