1669 2878
172 84 243 131 24
319 123 320 126 ,
628 94 813 128 mann.
846 96 1083 130 munus.

172 202 518 254 illustrandam
534 201 652 254 cuim
668 201 966 271 civibusque
977 203 1077 253 suis
1088 200 1554 267 'communicandam

172 285 358 356 famam
365 287 497 336 nacti
505 323 518 345 ‚
531 284 748 348 hominis
759 287 1019 345 sententia,
1033 284 1199 335 omnia
1210 274 1554 354 nempe,quae

173 367 236 418 ad
259 366 458 420 cultum
482 367 805 417 humanitatis
829 376 1070 438 spectent,
1098 365 1248 435 longe
1271 368 1554 436 antiquiora

175 452 314 524 apud
324 452 476 503 Indos
493 469 646 520 quam
663 450 799 520 apud
807 450 1028 503 Graecos
1045 451 1198 502 fuisse
1203 468 1216 510 ,·
1228 452 1375 500 'extra
1393 452 1554 501 omnis

176 535 498 598 dubitationis
516 531 672 583 aleam
691 544 816 583 esset
835 536 1020 602 posita:
1041 533 1259 584 multum
1270 532 1397 583 lucis
1412 532 1557 582 Indo·

174 636 291 666 rum
309 618 493 685 scripta
512 614 851 686 mythologica
872 626 921 666 et
939 616 1305 686 philosophica,
1334 633 1558 683 quorum

174 698 381 767 quidem
412 700 586 765 ingens
615 706 773 748 exstat
805 716 1067 757 numerus,
1106 698 1366 749 offundere
1393 706 1556 766 posset

177 781 489 847 Graecorum
502 780 689 851 mythis
700 779 1002 850 plerumque
1014 781 1258 833 obscuris.
1287 781 1384 832 Sed
1395 779 1557 830 adhuc

174 865 271 914 sub
295 858 460 914 iudice
484 862 547 913 lis
566 872 640 913 est
657 864 748 931 (¹).
773 880 827 902 '—
867 864 1003 913 Haec
1021 882 1140 914 vero
1157 866 1280 931 ipsa,
1303 881 1432 931 quae
1453 851 1558 911 ubi-

177 965 279 1016 que
292 949 530 1005 occuffit,
540 965 712 996 rerum
725 945 931 995 varietas
947 944 1322 995 multitudinem
1333 944 1556 1003 deorum,

175 1047 400 1096 quorum
436 1028 518 1076 alii
553 1027 649 1076 alia
684 1034 920 1076 curarent
957 1026 1233 1077 desiderare
1267 1027 1552 1086 videbatur;

175 1128 340 1179 quum
362 1110 569 1179 propria
594 1107 862 1160 hominum
886 1108 1218 1168 imbecillitas,
1247 1118 1413 1171 totum
1431 1107 1557 1159 illud

177 1203 228 1242 et
245 1190 606 1260 amplissimum
624 1201 674 1241 et
685 1193 1019 1241 vastissimum
1033 1193 1345 1249 universum,
1368 1208 1471 1258 quo
1485 1200 1559 1241 tot

177 1282 420 1345 tantaque
445 1275 770 1324 continentur
782 1310 796 1333 ,
825 1291 928 1323 una
953 1273 1226 1342 eademque
1250 1273 1413 1324 Unius
1440 1291 1557 1341 pro-

176 1356 398 1405 videntia
416 1356 750 1405 administrari
770 1364 820 1405 et
836 1357 958 1423 regi,
977 1357 1171 1424 opinari
1189 1357 1438 1424 nequiret.
1466 1357 1559 1411 Ea-

179 1438 295 1488 dem
320 1440 494 1506 igstur,
525 1456 656 1506 quae
683 1447 963 1488 ceterarum
985 1438 1093 1488 fere
1116 1440 1344 1488 omnium
1361 1437 1558 1506 religio-

177 1539 306 1571 num
328 1522 627 1591 priscarum,
649 1520 869 1571 Graecae
887 1539 1093 1589 quoque
1118 1520 1218 1570 fuit
1243 1520 1454 1571 indoles.
1489 1521 1560 1571 At

175 1622 340 1672 quum
367 1602 463 1652 alia
491 1601 720 1653 culturae
745 1603 962 1653 subsidia
988 1604 1055 1659 ab*
1075 1605 1290 1654 externis
1314 1605 1559 1672 accepisse

178 1686 423 1736 dicuntur
437 1684 649 1745 colonis,
664 1695 774 1744 tum
792 1686 939 1735 etiam
956 1704 1131 1753 magna
1142 1704 1203 1735 ex
1213 1695 1353 1755 parte
1363 1686 1559 1737 cultum

177 1768 390 1819 deorum
407 1767 630 1836 deosque
647 1770 801 1838 ipsos,
826 1785 893 1818 ex
909 1768 1140 1837 Aegypto
1156 1770 1491 1837 potissimum,
1519 1772 1558 1818 si

177 1850 383 1918 quidem
400 1850 662 1899 Herodoto
690 1849 839 1898 fidem
860 1848 1127 1899 habemus.
1159 1868 1288 1917 quae
1308 1859 1481 1901 autem
1505 1853 1558 1901 in

177 1931 492 2002 mythologia
519 1931 836 1981 Graecorum
869 1930 931 1979 ab
964 1932 1084 1999 ipsis
1111 1931 1316 1982 Graecis
1350 1935 1449 1983 sint
1481 1935 1557 1983 in-

175 2025 322 2065 venta
351 2032 546 2083 quaeve
573 2013 761 2064 alienae
788 2014 993 2081 originis
1020 2010 1266 2082 putanda,
1298 2033 1393 2083 pro
1420 2026 1557 2067 certo

176 2099 434 2155 affirmare,
454 2098 747 2166 praesertim
757 2114 918 2164 quum
928 2095 1293 2165 Aegyptiorum
1307 2096 1558 2165 religiOnis

177 2177 406 2228 doctrina
430 2196 536 2228 non
560 2180 673 2229 satis
697 2177 863 2229 adhuc
888 2176 1141 2248 explorata
1165 2180 1246 2240 sit,
1273 2182 1479 2231 minime
1496 2181 1557 2231 li-

176 2270 274 2321 cet3
297 2278 386 2329 spe
405 2269 571 2311 tamen
586 2259 776 2319 relicta,
796 2260 909 2311 fore
925 2270 986 2309 ut
995 2260 1259 2311 doctorum
1270 2272 1555 2313 nostrae-ae·

176 2345 288 2395 tatis
307 2345 538 2395 virorum
555 2362 724 2413 opera,
752 2363 853 2413 qua
879 2345 1040 2394 omnis
1060 2347 1366 2414 antiquitatis
1386 2348 1556 2414 cogni-

176 2428 247 2477 tio
272 2436 534 2497 tantopere
562 2436 764 2513 tamque
788 2425 1037 2497 praeclare
1060 2428 1295 2497 profecit,
1324 2429 1472 2502 etiam
1496 2427 1556 2478 de

176 2604 230 2646 G
260 2542 414 2597 (¹)Cf.
435 2545 494 2586 A.
517 2539 763 2586 Guilelm.
787 2543 1040 2600 Schlegel.
1067 2545 1237 2600 praefat.
1255 2543 1556 2599 achagavad-

219 2613 337 2660 ntap.
351 2623 455 2650 xxv.
1350 2642 1353 2645 .
