<?xml version="1.0" encoding="UTF-8"?>
<!DOCTYPE html PUBLIC "-//W3C//DTD XHTML 1.0 Transitional//EN"
    "http://www.w3.org/TR/xhtml1/DTD/xhtml1-transitional.dtd">
<html xmlns="http://www.w3.org/1999/xhtml" xml:lang="en" lang="en">
 <head>
  <title>
</title>
<meta http-equiv="Content-Type" content="text/html;charset=utf-8" />
  <meta name='ocr-system' content='tesseract 3.04.00' />
  <meta name='ocr-capabilities' content='ocr_page ocr_carea ocr_par ocr_line ocrx_word'/>
</head>
<body>
  <div class='ocr_page' id='page_1' title='image "4738040_0066.png"; bbox 0 0 1669 2878; ppageno 0'>
   <div class='ocr_carea' id='block_1_1' title="bbox 152 143 1064 196">
    <p class='ocr_par' dir='ltr' id='par_1_1' title="bbox 152 143 1064 196">
     <span class='ocr_line' id='line_1_1' title="bbox 152 143 1064 196; baseline 0.001 -2"><span class='ocrx_word' id='word_1_1' title='bbox 152 145 214 195; x_wconf 78' lang='lat'><strong>50</strong></span> <span class='ocrx_word' id='word_1_2' title='bbox 553 143 559 148; x_wconf 80' lang='grc'>’</span> <span class='ocrx_word' id='word_1_3' title='bbox 614 158 792 193; x_wconf 72' lang='lat' dir='ltr'><strong>mnnn</strong></span> <span class='ocrx_word' id='word_1_4' title='bbox 828 161 1064 196; x_wconf 69' lang='lat' dir='ltr'><strong>munus-</strong></span> 
     </span>
    </p>
   </div>
   <div class='ocr_carea' id='block_1_2' title="bbox 151 261 1527 837">
    <p class='ocr_par' dir='ltr' id='par_1_2' title="bbox 151 261 1527 837">
     <span class='ocr_line' id='line_1_2' title="bbox 154 261 1526 341; baseline 0.002 -22"><span class='ocrx_word' id='word_1_5' title='bbox 154 272 265 320; x_wconf 84' lang='lat' dir='ltr'><strong>iure</strong></span> <span class='ocrx_word' id='word_1_6' title='bbox 291 268 534 318; x_wconf 83' lang='lat' dir='ltr'><strong>habeatur</strong></span> <span class='ocrx_word' id='word_1_7' title='bbox 560 266 923 339; x_wconf 77' lang='lat' dir='ltr'><strong>philosophiae,</strong></span> <span class='ocrx_word' id='word_1_8' title='bbox 958 271 1173 318; x_wconf 65' lang='lat' dir='ltr'><strong>attamen</strong></span> <span class='ocrx_word' id='word_1_9' title='bbox 1202 283 1299 319; x_wconf 83' lang='lat' dir='ltr'><strong>nec</strong></span> <span class='ocrx_word' id='word_1_10' title='bbox 1322 261 1427 341; x_wconf 78' lang='lat' dir='ltr'><strong>ipsa</strong></span> <span class='ocrx_word' id='word_1_11' title='bbox 1452 279 1526 322; x_wconf 84' lang='lat' dir='ltr'><strong>est</strong></span> 
     </span>
     <span class='ocr_line' id='line_1_3' title="bbox 154 350 1523 423; baseline 0.001 -22"><span class='ocrx_word' id='word_1_12' title='bbox 154 352 474 423; x_wconf 79' lang='lat' dir='ltr'><strong>philosophia</strong></span> <span class='ocrx_word' id='word_1_13' title='bbox 492 351 584 400; x_wconf 84' lang='lat' dir='ltr'><strong>nec</strong></span> <span class='ocrx_word' id='word_1_14' title='bbox 601 353 654 399; x_wconf 88' lang='lat' dir='ltr'><strong>in</strong></span> <span class='ocrx_word' id='word_1_15' title='bbox 670 350 878 402; x_wconf 83' lang='lat' dir='ltr'><strong>historia·</strong></span> <span class='ocrx_word' id='word_1_16' title='bbox 894 350 1237 421; x_wconf 85' lang='lat' dir='ltr'>philosophiae</span> <span class='ocrx_word' id='word_1_17' title='bbox 1254 353 1523 404; x_wconf 80' lang='lat' dir='ltr'><strong>enarranda</strong></span> 
     </span>
     <span class='ocr_line' id='line_1_4' title="bbox 154 430 1526 509; baseline 0.001 -22"><span class='ocrx_word' id='word_1_18' title='bbox 154 430 203 487; x_wconf 85' lang='lat' dir='ltr'><strong>et</strong></span> <span class='ocrx_word' id='word_1_19' title='bbox 220 434 533 506; x_wconf 79' lang='lat' dir='ltr'><strong>explicanda3</strong></span> <span class='ocrx_word' id='word_1_20' title='bbox 555 432 720 502; x_wconf 76' lang='lat' dir='ltr'><strong>quum·</strong></span> <span class='ocrx_word' id='word_1_21' title='bbox 734 433 889 495; x_wconf 82' lang='lat' dir='ltr'><strong>ideae,</strong></span> <span class='ocrx_word' id='word_1_22' title='bbox 913 451 1041 505; x_wconf 84' lang='lat' dir='ltr'><strong>quae</strong></span> <span class='ocrx_word' id='word_1_23' title='bbox 1058 436 1413 486; x_wconf 80' lang='lat' dir='ltr'><strong>contineantur-</strong></span> <span class='ocrx_word' id='word_1_24' title='bbox 1424 457 1526 509; x_wconf 79' lang='lat' dir='ltr'><strong>my·</strong></span> 
     </span>
     <span class='ocr_line' id='line_1_5' title="bbox 154 519 1527 588; baseline 0.001 -19"><span class='ocrx_word' id='word_1_25' title='bbox 154 519 394 587; x_wconf 80' lang='lat' dir='ltr'>tholegia,</span> <span class='ocrx_word' id='word_1_26' title='bbox 423 520 610 585; x_wconf 80' lang='lat' dir='ltr'><strong>siquae</strong></span> <span class='ocrx_word' id='word_1_27' title='bbox 628 519 742 577; x_wconf 88' lang='lat' dir='ltr'><strong>sint,</strong></span> <span class='ocrx_word' id='word_1_28' title='bbox 771 535 876 568; x_wconf 90' lang='lat' dir='ltr'><strong>non</strong></span> <span class='ocrx_word' id='word_1_29' title='bbox 902 519 1125 568; x_wconf 86' lang='lat' dir='ltr'><strong>idearum</strong></span> <span class='ocrx_word' id='word_1_30' title='bbox 1148 521 1415 588; x_wconf 82' lang='lat' dir='ltr'><strong>propriam·</strong></span> <span class='ocrx_word' id='word_1_31' title='bbox 1430 521 1527 571; x_wconf 80' lang='lat' dir='ltr'><strong>for·-</strong></span> 
     </span>
     <span class='ocr_line' id='line_1_6' title="bbox 155 599 1525 670; baseline 0.001 -19"><span class='ocrx_word' id='word_1_32' title='bbox 155 620 287 651; x_wconf 85' lang='lat' dir='ltr'><strong>mam</strong></span> <span class='ocrx_word' id='word_1_33' title='bbox 327 599 544 650; x_wconf 82' lang='lat' dir='ltr'><strong>habeant</strong></span> <span class='ocrx_word' id='word_1_34' title='bbox 575 599 658 650; x_wconf 90' lang='lat' dir='ltr'><strong>sed</strong></span> <span class='ocrx_word' id='word_1_35' title='bbox 691 601 867 669; x_wconf 88' lang='lat' dir='ltr'><strong>potius</strong></span> <span class='ocrx_word' id='word_1_36' title='bbox 895 603 1058 670; x_wconf 87' lang='lat' dir='ltr'><strong>poesis</strong></span> <span class='ocrx_word' id='word_1_37' title='bbox 1092 603 1195 651; x_wconf 83' lang='lat' dir='ltr'><strong>ritu</strong></span> <span class='ocrx_word' id='word_1_38' title='bbox 1228 601 1525 669; x_wconf 85' lang='lat' dir='ltr'><strong>imaginibus</strong></span> 
     </span>
     <span class='ocr_line' id='line_1_7' title="bbox 151 681 1442 754; baseline 0.002 -22"><span class='ocrx_word' id='word_1_39' title='bbox 151 684 366 752; x_wconf 76' lang='lat' dir='ltr'><strong>ideoque</strong></span> <span class='ocrx_word' id='word_1_40' title='bbox 390 681 494 733; x_wconf 89' lang='lat' dir='ltr'><strong>non</strong></span> <span class='ocrx_word' id='word_1_41' title='bbox 521 681 868 752; x_wconf 85' lang='lat' dir='ltr'><strong>philosophica</strong></span> <span class='ocrx_word' id='word_1_42' title='bbox 893 686 1086 734; x_wconf 86' lang='lat' dir='ltr'><strong>ratione</strong></span> <span class='ocrx_word' id='word_1_43' title='bbox 1110 693 1442 754; x_wconf 68' lang='lat' dir='ltr'><strong>exponantur.</strong></span> 
     </span>
     <span class='ocr_line' id='line_1_8' title="bbox 285 765 1527 837; baseline 0.003 -23"><span class='ocrx_word' id='word_1_44' title='bbox 285 766 465 829; x_wconf 86' lang='lat' dir='ltr'><strong>Quum</strong></span> <span class='ocrx_word' id='word_1_45' title='bbox 490 784 613 816; x_wconf 80' lang='lat' dir='ltr'><strong>vero</strong></span> <span class='ocrx_word' id='word_1_46' title='bbox 639 765 817 834; x_wconf 82' lang='lat' dir='ltr'><strong>religio</strong></span> <span class='ocrx_word' id='word_1_47' title='bbox 846 777 895 816; x_wconf 88' lang='lat' dir='ltr'><strong>et</strong></span> <span class='ocrx_word' id='word_1_48' title='bbox 923 766 1242 837; x_wconf 81' lang='lat' dir='ltr'><strong>philosophia</strong></span> <span class='ocrx_word' id='word_1_49' title='bbox 1272 769 1324 817; x_wconf 89' lang='lat' dir='ltr'><strong>in</strong></span> <span class='ocrx_word' id='word_1_50' title='bbox 1354 768 1527 818; x_wconf 89' lang='lat' dir='ltr'><strong>iisdem</strong></span> 
     </span>
    </p>
   </div>
   <div class='ocr_carea' id='block_1_3' title="bbox 149 848 1609 923">
    <p class='ocr_par' dir='ltr' id='par_1_3' title="bbox 149 848 1609 923">
     <span class='ocr_line' id='line_1_9' title="bbox 149 848 1609 923; baseline 0.003 -26"><span class='ocrx_word' id='word_1_51' title='bbox 149 848 257 899; x_wconf 85' lang='lat' dir='ltr'><strong>fere</strong></span> <span class='ocrx_word' id='word_1_52' title='bbox 270 850 488 900; x_wconf 74' lang='lat' dir='ltr'><strong>&#39;summis</strong></span> <span class='ocrx_word' id='word_1_53' title='bbox 512 849 663 899; x_wconf 84' lang='lat' dir='ltr'><strong>rebus</strong></span> <span class='ocrx_word' id='word_1_54' title='bbox 687 848 953 900; x_wconf 76' lang='lat' dir='ltr'><strong>tractandis</strong></span> <span class='ocrx_word' id='word_1_55' title='bbox 972 859 1231 923; x_wconf 84' lang='lat' dir='ltr'><strong>versentur</strong></span> <span class='ocrx_word' id='word_1_56' title='bbox 1247 868 1341 901; x_wconf 89' lang='lat' dir='ltr'><strong>nec</strong></span> <span class='ocrx_word' id='word_1_57' title='bbox 1361 860 1525 901; x_wconf 82' lang='lat' dir='ltr'><strong>tamen</strong></span> <span class='ocrx_word' id='word_1_58' title='bbox 1606 878 1609 881; x_wconf 44' lang='lat'><strong>⁴</strong></span> 
     </span>
    </p>
   </div>
   <div class='ocr_carea' id='block_1_4' title="bbox 132 924 1590 2734">
    <p class='ocr_par' dir='ltr' id='par_1_4' title="bbox 136 924 1590 2486">
     <span class='ocr_line' id='line_1_10' title="bbox 150 924 1590 1000; baseline 0.002 -18"><span class='ocrx_word' id='word_1_59' title='bbox 150 934 284 982; x_wconf 84' lang='lat' dir='ltr'><strong>inter</strong></span> <span class='ocrx_word' id='word_1_60' title='bbox 294 950 346 983; x_wconf 89' lang='lat' dir='ltr'><strong>se</strong></span> <span class='ocrx_word' id='word_1_61' title='bbox 356 934 563 984; x_wconf 88' lang='lat' dir='ltr'><strong>omnino</strong></span> <span class='ocrx_word' id='word_1_62' title='bbox 573 941 866 1000; x_wconf 84' lang='lat' dir='ltr'><strong>congruant,</strong></span> <span class='ocrx_word' id='word_1_63' title='bbox 879 932 962 980; x_wconf 88' lang='lat' dir='ltr'><strong>sed</strong></span> <span class='ocrx_word' id='word_1_64' title='bbox 977 924 1221 981; x_wconf 56' lang='lat' dir='ltr'><strong>de&#39;iisdem</strong></span> <span class='ocrx_word' id='word_1_65' title='bbox 1234 934 1524 985; x_wconf 79' lang='lat' dir='ltr'><strong>noneadem</strong></span> <span class='ocrx_word' id='word_1_66' title='bbox 1587 960 1590 964; x_wconf 96' lang='lat'>·</span> 
     </span>
     <span class='ocr_line' id='line_1_11' title="bbox 151 1015 1526 1085; baseline 0.002 -23"><span class='ocrx_word' id='word_1_67' title='bbox 151 1017 276 1081; x_wconf 83' lang='lat' dir='ltr'><strong>quin</strong></span> <span class='ocrx_word' id='word_1_68' title='bbox 304 1031 453 1081; x_wconf 81' lang='lat' dir='ltr'><strong>saepe</strong></span> <span class='ocrx_word' id='word_1_69' title='bbox 471 1016 716 1063; x_wconf 81' lang='lat' dir='ltr'><strong>contraria</strong></span> <span class='ocrx_word' id='word_1_70' title='bbox 739 1015 1086 1082; x_wconf 78' lang='lat' dir='ltr'><strong>pronuntient,</strong></span> <span class='ocrx_word' id='word_1_71' title='bbox 1114 1022 1329 1082; x_wconf 84' lang='lat' dir='ltr'><strong>utraque</strong></span> <span class='ocrx_word' id='word_1_72' title='bbox 1346 1033 1526 1085; x_wconf 87' lang='lat' dir='ltr'><strong>nempe</strong></span> 
     </span>
     <span class='ocr_line' id='line_1_12' title="bbox 147 1091 1520 1166; baseline 0.003 -22"><span class='ocrx_word' id='word_1_73' title='bbox 147 1095 344 1146; x_wconf 81' lang='lat' dir='ltr'><strong>diverso</strong></span> <span class='ocrx_word' id='word_1_74' title='bbox 366 1094 616 1145; x_wconf 84' lang='lat' dir='ltr'><strong>iudicandi</strong></span> <span class='ocrx_word' id='word_1_75' title='bbox 639 1091 891 1165; x_wconf 84' lang='lat' dir='ltr'><strong>principio</strong></span> <span class='ocrx_word' id='word_1_76' title='bbox 905 1093 1213 1164; x_wconf 79' lang='lat' dir='ltr'><strong>diversisque</strong></span> <span class='ocrx_word' id='word_1_77' title='bbox 1237 1096 1352 1147; x_wconf 90' lang='lat' dir='ltr'><strong>inde</strong></span> <span class='ocrx_word' id='word_1_78' title='bbox 1373 1116 1520 1166; x_wconf 83' lang='lat' dir='ltr'><strong>argu-</strong></span> 
     </span>
     <span class='ocr_line' id='line_1_13' title="bbox 146 1178 1524 1247; baseline 0.001 -20"><span class='ocrx_word' id='word_1_79' title='bbox 146 1180 325 1228; x_wconf 87' lang='lat' dir='ltr'><strong>mentis</strong></span> <span class='ocrx_word' id='word_1_80' title='bbox 348 1187 546 1238; x_wconf 82' lang='lat' dir='ltr'><strong>utente3</strong></span> <span class='ocrx_word' id='word_1_81' title='bbox 576 1180 766 1247; x_wconf 83' lang='lat' dir='ltr'><strong>quippe</strong></span> <span class='ocrx_word' id='word_1_82' title='bbox 788 1197 906 1228; x_wconf 86' lang='lat' dir='ltr'><strong>cum</strong></span> <span class='ocrx_word' id='word_1_83' title='bbox 930 1179 1082 1228; x_wconf 85' lang='lat' dir='ltr'><strong>altera</strong></span> <span class='ocrx_word' id='word_1_84' title='bbox 1105 1178 1329 1247; x_wconf 87' lang='lat' dir='ltr'><strong>quidem,</strong></span> <span class='ocrx_word' id='word_1_85' title='bbox 1352 1197 1524 1231; x_wconf 84' lang='lat' dir='ltr'><strong>recen·</strong></span> 
     </span>
     <span class='ocr_line' id='line_1_14' title="bbox 145 1261 1522 1330; baseline 0.003 -19"><span class='ocrx_word' id='word_1_86' title='bbox 145 1262 362 1319; x_wconf 81' lang='lat' dir='ltr'><strong>tioribus</strong></span> <span class='ocrx_word' id='word_1_87' title='bbox 379 1264 669 1329; x_wconf 80' lang='lat' dir='ltr'><strong>praesertim</strong></span> <span class='ocrx_word' id='word_1_88' title='bbox 687 1262 1012 1330; x_wconf 83' lang='lat' dir='ltr'><strong>temporibus,</strong></span> <span class='ocrx_word' id='word_1_89' title='bbox 1031 1261 1309 1313; x_wconf 81' lang='lat' dir='ltr'><strong>doctrinam</strong></span> <span class='ocrx_word' id='word_1_90' title='bbox 1325 1263 1387 1313; x_wconf 89' lang='lat' dir='ltr'><strong>de</strong></span> <span class='ocrx_word' id='word_1_91' title='bbox 1401 1266 1522 1324; x_wconf 87' lang='lat' dir='ltr'><strong>Deo,</strong></span> 
     </span>
     <span class='ocr_line' id='line_1_15' title="bbox 147 1342 1522 1403; baseline 0.002 -9"><span class='ocrx_word' id='word_1_92' title='bbox 147 1362 175 1394; x_wconf 90' lang='lat' dir='ltr'><strong>e</strong></span> <span class='ocrx_word' id='word_1_93' title='bbox 202 1342 507 1395; x_wconf 82' lang='lat' dir='ltr'><strong>revelatione</strong></span> <span class='ocrx_word' id='word_1_94' title='bbox 528 1344 694 1394; x_wconf 85' lang='lat' dir='ltr'><strong>divina</strong></span> <span class='ocrx_word' id='word_1_95' title='bbox 715 1353 894 1403; x_wconf 78' lang='lat' dir='ltr'><strong>ortam,</strong></span> <span class='ocrx_word' id='word_1_96' title='bbox 925 1346 993 1393; x_wconf 80' lang='lat' dir='ltr'><strong>ita</strong></span> <span class='ocrx_word' id='word_1_97' title='bbox 1020 1344 1081 1393; x_wconf 87' lang='lat' dir='ltr'><strong>ab</strong></span> <span class='ocrx_word' id='word_1_98' title='bbox 1103 1344 1390 1396; x_wconf 89' lang='lat' dir='ltr'><strong>hominibus</strong></span> <span class='ocrx_word' id='word_1_99' title='bbox 1420 1364 1522 1397; x_wconf 90' lang='lat' dir='ltr'><strong>esse</strong></span> 
     </span>
     <span class='ocr_line' id='line_1_16' title="bbox 145 1427 1518 1496; baseline 0.002 -22"><span class='ocrx_word' id='word_1_100' title='bbox 145 1427 502 1494; x_wconf 86' lang='lat' dir='ltr'><strong>recipiendam,</strong></span> <span class='ocrx_word' id='word_1_101' title='bbox 524 1436 584 1475; x_wconf 91' lang='lat' dir='ltr'><strong>ut</strong></span> <span class='ocrx_word' id='word_1_102' title='bbox 601 1430 841 1476; x_wconf 83' lang='lat' dir='ltr'><strong>sentiatur</strong></span> <span class='ocrx_word' id='word_1_103' title='bbox 858 1429 1012 1494; x_wconf 79' lang='lat' dir='ltr'><strong>magis</strong></span> <span class='ocrx_word' id='word_1_104' title='bbox 1030 1446 1181 1495; x_wconf 88' lang='lat' dir='ltr'><strong>quam</strong></span> <span class='ocrx_word' id='word_1_105' title='bbox 1198 1427 1518 1496; x_wconf 84' lang='lat' dir='ltr'><strong>intelligatur,</strong></span> 
     </span>
     <span class='ocr_line' id='line_1_17' title="bbox 147 1501 1523 1570; baseline 0 -11"><span class='ocrx_word' id='word_1_106' title='bbox 147 1501 432 1569; x_wconf 83' lang='lat' dir='ltr'><strong>contendat,</strong></span> <span class='ocrx_word' id='word_1_107' title='bbox 454 1507 603 1559; x_wconf 86' lang='lat' dir='ltr'><strong>altera</strong></span> <span class='ocrx_word' id='word_1_108' title='bbox 620 1526 759 1570; x_wconf 83' lang='lat' dir='ltr'><strong>vero,</strong></span> <span class='ocrx_word' id='word_1_109' title='bbox 788 1527 815 1559; x_wconf 93' lang='lat' dir='ltr'><strong>e</strong></span> <span class='ocrx_word' id='word_1_110' title='bbox 832 1518 998 1559; x_wconf 87' lang='lat' dir='ltr'><strong>mente</strong></span> <span class='ocrx_word' id='word_1_111' title='bbox 1015 1508 1170 1559; x_wconf 89' lang='lat' dir='ltr'><strong>libera</strong></span> <span class='ocrx_word' id='word_1_112' title='bbox 1194 1519 1320 1569; x_wconf 86' lang='lat' dir='ltr'><strong>orta,</strong></span> <span class='ocrx_word' id='word_1_113' title='bbox 1349 1511 1523 1561; x_wconf 86' lang='lat' dir='ltr'><strong>intelli-</strong></span> 
     </span>
     <span class='ocr_line' id='line_1_18' title="bbox 142 1587 1523 1661; baseline 0.004 -21"><span class='ocrx_word' id='word_1_114' title='bbox 142 1593 360 1659; x_wconf 82' lang='lat' dir='ltr'><strong>gentiam</strong></span> <span class='ocrx_word' id='word_1_115' title='bbox 387 1602 435 1640; x_wconf 85' lang='lat' dir='ltr'><strong>et</strong></span> <span class='ocrx_word' id='word_1_116' title='bbox 462 1593 708 1640; x_wconf 87' lang='lat' dir='ltr'><strong>rationem</strong></span> <span class='ocrx_word' id='word_1_117' title='bbox 736 1593 1017 1641; x_wconf 85' lang='lat' dir='ltr'><strong>verissimos</strong></span> <span class='ocrx_word' id='word_1_118' title='bbox 1045 1595 1206 1641; x_wconf 90' lang='lat' dir='ltr'><strong>omnis</strong></span> <span class='ocrx_word' id='word_1_119' title='bbox 1236 1587 1523 1661; x_wconf 79' lang='lat' dir='ltr'><strong>disciplinae</strong></span> 
     </span>
     <span class='ocr_line' id='line_1_19' title="bbox 139 1673 1524 1741; baseline 0.002 -18"><span class='ocrx_word' id='word_1_120' title='bbox 139 1674 304 1725; x_wconf 86' lang='lat' dir='ltr'><strong>fontes</strong></span> <span class='ocrx_word' id='word_1_121' title='bbox 315 1675 558 1741; x_wconf 86' lang='lat' dir='ltr'><strong>omnique</strong></span> <span class='ocrx_word' id='word_1_122' title='bbox 577 1675 783 1724; x_wconf 86' lang='lat' dir='ltr'><strong>omnino</strong></span> <span class='ocrx_word' id='word_1_123' title='bbox 801 1674 986 1724; x_wconf 86' lang='lat' dir='ltr'><strong>idcirco</strong></span> <span class='ocrx_word' id='word_1_124' title='bbox 1004 1673 1086 1723; x_wconf 85' lang='lat' dir='ltr'><strong>alii</strong></span> <span class='ocrx_word' id='word_1_125' title='bbox 1104 1676 1385 1726; x_wconf 79' lang='lat' dir='ltr'><strong>auctoritati</strong></span> <span class='ocrx_word' id='word_1_126' title='bbox 1397 1687 1524 1727; x_wconf 82' lang='lat' dir='ltr'><strong>ante-</strong></span> 
     </span>
     <span class='ocr_line' id='line_1_20' title="bbox 139 1756 1516 1826; baseline 0.001 -20"><span class='ocrx_word' id='word_1_127' title='bbox 139 1756 369 1807; x_wconf 79' lang='lat' dir='ltr'><strong>ferendas</strong></span> <span class='ocrx_word' id='word_1_128' title='bbox 384 1759 515 1826; x_wconf 84' lang='lat' dir='ltr'><strong>ipsas</strong></span> <span class='ocrx_word' id='word_1_129' title='bbox 532 1766 754 1806; x_wconf 80' lang='lat' dir='ltr'><strong>censeat:</strong></span> <span class='ocrx_word' id='word_1_130' title='bbox 776 1786 831 1796; x_wconf 94' lang='lat'>—</span> <span class='ocrx_word' id='word_1_131' title='bbox 853 1756 1044 1807; x_wconf 81' lang='lat' dir='ltr'><strong>factum</strong></span> <span class='ocrx_word' id='word_1_132' title='bbox 1063 1767 1153 1816; x_wconf 87' lang='lat' dir='ltr'><strong>est,</strong></span> <span class='ocrx_word' id='word_1_133' title='bbox 1173 1767 1233 1807; x_wconf 88' lang='lat' dir='ltr'><strong>ut</strong></span> <span class='ocrx_word' id='word_1_134' title='bbox 1250 1764 1516 1818; x_wconf 72' lang='lat' dir='ltr'><strong>certamen,</strong></span> 
     </span>
     <span class='ocr_line' id='line_1_21' title="bbox 138 1839 1520 1907; baseline 0.001 -18"><span class='ocrx_word' id='word_1_135' title='bbox 138 1840 359 1889; x_wconf 78' lang='lat' dir='ltr'><strong>maxima</strong></span> <span class='ocrx_word' id='word_1_136' title='bbox 377 1840 439 1888; x_wconf 87' lang='lat' dir='ltr'><strong>ab</strong></span> <span class='ocrx_word' id='word_1_137' title='bbox 463 1848 678 1906; x_wconf 83' lang='lat' dir='ltr'><strong>utraque</strong></span> <span class='ocrx_word' id='word_1_138' title='bbox 702 1849 843 1907; x_wconf 88' lang='lat' dir='ltr'><strong>parte</strong></span> <span class='ocrx_word' id='word_1_139' title='bbox 861 1839 1110 1890; x_wconf 84' lang='lat' dir='ltr'><strong>alacritate</strong></span> <span class='ocrx_word' id='word_1_140' title='bbox 1138 1850 1188 1890; x_wconf 85' lang='lat' dir='ltr'><strong>et</strong></span> <span class='ocrx_word' id='word_1_141' title='bbox 1208 1840 1520 1891; x_wconf 85' lang='lat' dir='ltr'><strong>vehementia</strong></span> 
     </span>
     <span class='ocr_line' id='line_1_22' title="bbox 141 1922 1517 1991; baseline 0 -19"><span class='ocrx_word' id='word_1_142' title='bbox 141 1932 448 1991; x_wconf 75' lang='lat' dir='ltr'><strong>susceptum,</strong></span> <span class='ocrx_word' id='word_1_143' title='bbox 470 1922 687 1970; x_wconf 82' lang='lat' dir='ltr'><strong>oriretur</strong></span> <span class='ocrx_word' id='word_1_144' title='bbox 698 1942 711 1980; x_wconf 92' lang='lat'>;</span> <span class='ocrx_word' id='word_1_145' title='bbox 744 1939 771 1969; x_wconf 91' lang='lat' dir='ltr'><strong>e</strong></span> <span class='ocrx_word' id='word_1_146' title='bbox 789 1939 912 1987; x_wconf 88' lang='lat' dir='ltr'><strong>quo,</strong></span> <span class='ocrx_word' id='word_1_147' title='bbox 931 1922 1134 1971; x_wconf 86' lang='lat' dir='ltr'><strong>turbato</strong></span> <span class='ocrx_word' id='word_1_148' title='bbox 1152 1940 1294 1971; x_wconf 83' lang='lat' dir='ltr'><strong>caeca</strong></span> <span class='ocrx_word' id='word_1_149' title='bbox 1313 1932 1517 1972; x_wconf 84' lang='lat' dir='ltr'><strong>conten-</strong></span> 
     </span>
     <span class='ocr_line' id='line_1_23' title="bbox 138 2002 1516 2061; baseline 0.002 -7"><span class='ocrx_word' id='word_1_150' title='bbox 138 2008 276 2055; x_wconf 86' lang='lat' dir='ltr'><strong>tione</strong></span> <span class='ocrx_word' id='word_1_151' title='bbox 297 2005 502 2061; x_wconf 86' lang='lat' dir='ltr'><strong>iudicio,</strong></span> <span class='ocrx_word' id='word_1_152' title='bbox 531 2021 670 2052; x_wconf 89' lang='lat' dir='ltr'><strong>nunc</strong></span> <span class='ocrx_word' id='word_1_153' title='bbox 695 2002 848 2052; x_wconf 85' lang='lat' dir='ltr'><strong>altera</strong></span> <span class='ocrx_word' id='word_1_154' title='bbox 871 2021 1010 2053; x_wconf 88' lang='lat' dir='ltr'><strong>nunc</strong></span> <span class='ocrx_word' id='word_1_155' title='bbox 1033 2003 1186 2053; x_wconf 85' lang='lat' dir='ltr'><strong>altera</strong></span> <span class='ocrx_word' id='word_1_156' title='bbox 1203 2006 1379 2055; x_wconf 80' lang='lat' dir='ltr'><strong>victrix</strong></span> <span class='ocrx_word' id='word_1_157' title='bbox 1404 2025 1516 2057; x_wconf 79' lang='lat' dir='ltr'><strong>eva-</strong></span> 
     </span>
     <span class='ocr_line' id='line_1_24' title="bbox 136 2085 1514 2164; baseline 0.001 -27"><span class='ocrx_word' id='word_1_158' title='bbox 136 2088 291 2147; x_wconf 85' lang='lat' dir='ltr'><strong>deret,</strong></span> <span class='ocrx_word' id='word_1_159' title='bbox 306 2088 399 2138; x_wconf 78' lang='lat' dir='ltr'><strong>nec</strong></span> <span class='ocrx_word' id='word_1_160' title='bbox 417 2103 547 2156; x_wconf 85' lang='lat' dir='ltr'><strong>quae</strong></span> <span class='ocrx_word' id='word_1_161' title='bbox 564 2095 728 2136; x_wconf 86' lang='lat' dir='ltr'><strong>tamen</strong></span> <span class='ocrx_word' id='word_1_162' title='bbox 747 2085 851 2136; x_wconf 85' lang='lat' dir='ltr'><strong>sola</strong></span> <span class='ocrx_word' id='word_1_163' title='bbox 868 2086 1014 2155; x_wconf 78' lang='lat' dir='ltr'><strong>digna</strong></span> <span class='ocrx_word' id='word_1_164' title='bbox 1031 2087 1206 2137; x_wconf 86' lang='lat' dir='ltr'><strong>fuisset</strong></span> <span class='ocrx_word' id='word_1_165' title='bbox 1224 2087 1425 2164; x_wconf 76' lang='lat' dir='ltr'><strong>decisio,</strong></span> <span class='ocrx_word' id='word_1_166' title='bbox 1439 2107 1514 2139; x_wconf 86' lang='lat' dir='ltr'><strong>re-</strong></span> 
     </span>
     <span class='ocr_line' id='line_1_25' title="bbox 140 2169 1514 2238; baseline 0.004 -20"><span class='ocrx_word' id='word_1_167' title='bbox 140 2169 420 2219; x_wconf 82' lang='lat' dir='ltr'><strong>conciliatio</strong></span> <span class='ocrx_word' id='word_1_168' title='bbox 444 2172 577 2218; x_wconf 87' lang='lat' dir='ltr'><strong>inter</strong></span> <span class='ocrx_word' id='word_1_169' title='bbox 596 2179 882 2236; x_wconf 82' lang='lat' dir='ltr'><strong>utramque,</strong></span> <span class='ocrx_word' id='word_1_170' title='bbox 906 2188 1007 2236; x_wconf 84' lang='lat' dir='ltr'><strong>qua</strong></span> <span class='ocrx_word' id='word_1_171' title='bbox 1032 2171 1237 2237; x_wconf 85' lang='lat' dir='ltr'><strong>quidem</strong></span> <span class='ocrx_word' id='word_1_172' title='bbox 1263 2170 1514 2238; x_wconf 83' lang='lat' dir='ltr'><strong>religionis</strong></span> 
     </span>
     <span class='ocr_line' id='line_1_26' title="bbox 137 2250 1512 2324; baseline 0.001 -21"><span class='ocrx_word' id='word_1_173' title='bbox 137 2253 406 2303; x_wconf 85' lang='lat' dir='ltr'><strong>auctoritas</strong></span> <span class='ocrx_word' id='word_1_174' title='bbox 421 2250 768 2321; x_wconf 82' lang='lat' dir='ltr'><strong>philosophiae</strong></span> <span class='ocrx_word' id='word_1_175' title='bbox 784 2254 1087 2320; x_wconf 82' lang='lat' dir='ltr'><strong>argumentis</strong></span> <span class='ocrx_word' id='word_1_176' title='bbox 1104 2252 1403 2315; x_wconf 82' lang='lat' dir='ltr'><strong>firmaretur,</strong></span> <span class='ocrx_word' id='word_1_177' title='bbox 1425 2274 1512 2324; x_wconf 84' lang='lat' dir='ltr'><strong>pa-</strong></span> 
     </span>
     <span class='ocr_line' id='line_1_27' title="bbox 137 2333 1512 2404; baseline 0.002 -21"><span class='ocrx_word' id='word_1_178' title='bbox 137 2337 235 2403; x_wconf 57' lang='lat' dir='ltr'><strong>rari</strong></span> <span class='ocrx_word' id='word_1_179' title='bbox 260 2352 405 2404; x_wconf 90' lang='lat' dir='ltr'><strong>posse</strong></span> <span class='ocrx_word' id='word_1_180' title='bbox 427 2333 695 2383; x_wconf 82' lang='lat' dir='ltr'><strong>videretur.</strong></span> <span class='ocrx_word' id='word_1_181' title='bbox 737 2337 914 2384; x_wconf 87' lang='lat' dir='ltr'><strong>Dicam</strong></span> <span class='ocrx_word' id='word_1_182' title='bbox 940 2335 1033 2385; x_wconf 87' lang='lat' dir='ltr'><strong>hac</strong></span> <span class='ocrx_word' id='word_1_183' title='bbox 1058 2337 1118 2385; x_wconf 91' lang='lat' dir='ltr'><strong>de</strong></span> <span class='ocrx_word' id='word_1_184' title='bbox 1143 2355 1198 2385; x_wconf 88' lang='lat' dir='ltr'><strong>re</strong></span> <span class='ocrx_word' id='word_1_185' title='bbox 1222 2337 1440 2386; x_wconf 88' lang='lat' dir='ltr'><strong>breviter</strong></span> <span class='ocrx_word' id='word_1_186' title='bbox 1462 2338 1512 2386; x_wconf 89' lang='lat' dir='ltr'><strong>id</strong></span> 
     </span>
     <span class='ocr_line' id='line_1_28' title="bbox 137 2413 472 2486; baseline -0.003 -19"><span class='ocrx_word' id='word_1_187' title='bbox 137 2418 276 2486; x_wconf 89' lang='lat' dir='ltr'><strong>quod</strong></span> <span class='ocrx_word' id='word_1_188' title='bbox 293 2413 472 2468; x_wconf 84' lang='lat' dir='ltr'><strong>sentio.</strong></span> 
     </span>
    </p>

    <p class='ocr_par' dir='ltr' id='par_1_5' title="bbox 132 2498 1508 2734">
     <span class='ocr_line' id='line_1_29' title="bbox 268 2498 1508 2568; baseline 0.002 -20"><span class='ocrx_word' id='word_1_189' title='bbox 268 2499 373 2563; x_wconf 87' lang='lat' dir='ltr'><strong>Qui</strong></span> <span class='ocrx_word' id='word_1_190' title='bbox 391 2498 661 2549; x_wconf 84' lang='lat' dir='ltr'><strong>venerabili</strong></span> <span class='ocrx_word' id='word_1_191' title='bbox 688 2499 1059 2568; x_wconf 85' lang='lat' dir='ltr'><strong>quodammodo</strong></span> <span class='ocrx_word' id='word_1_192' title='bbox 1085 2499 1170 2550; x_wconf 89' lang='lat' dir='ltr'><strong>sed</strong></span> <span class='ocrx_word' id='word_1_193' title='bbox 1195 2518 1250 2549; x_wconf 88' lang='lat' dir='ltr'><strong>ea</strong></span> <span class='ocrx_word' id='word_1_194' title='bbox 1273 2518 1378 2551; x_wconf 90' lang='lat' dir='ltr'><strong>non</strong></span> <span class='ocrx_word' id='word_1_195' title='bbox 1397 2504 1508 2551; x_wconf 85' lang='lat' dir='ltr'><strong>satis</strong></span> 
     </span>
     <span class='ocr_line' id='line_1_30' title="bbox 137 2582 1507 2651; baseline 0.003 -21"><span class='ocrx_word' id='word_1_196' title='bbox 137 2584 352 2649; x_wconf 82' lang='lat' dir='ltr'><strong>sapiente</strong></span> <span class='ocrx_word' id='word_1_197' title='bbox 369 2584 550 2651; x_wconf 89' lang='lat' dir='ltr'><strong>pietate</strong></span> <span class='ocrx_word' id='word_1_198' title='bbox 575 2583 794 2642; x_wconf 87' lang='lat' dir='ltr'><strong>adducti,</strong></span> <span class='ocrx_word' id='word_1_199' title='bbox 824 2582 884 2632; x_wconf 90' lang='lat' dir='ltr'><strong>ad</strong></span> <span class='ocrx_word' id='word_1_200' title='bbox 906 2601 1047 2636; x_wconf 86' lang='lat' dir='ltr'><strong>sensa</strong></span> <span class='ocrx_word' id='word_1_201' title='bbox 1071 2583 1240 2641; x_wconf 85' lang='lat' dir='ltr'><strong>animi,</strong></span> <span class='ocrx_word' id='word_1_202' title='bbox 1270 2582 1416 2634; x_wconf 87' lang='lat' dir='ltr'><strong>nobis</strong></span> <span class='ocrx_word' id='word_1_203' title='bbox 1433 2584 1507 2634; x_wconf 88' lang='lat' dir='ltr'><strong>in-</strong></span> 
     </span>
     <span class='ocr_line' id='line_1_31' title="bbox 132 2664 1503 2734; baseline 0.004 -24"><span class='ocrx_word' id='word_1_204' title='bbox 132 2672 263 2722; x_wconf 85' lang='lat' dir='ltr'><strong>nata,</strong></span> <span class='ocrx_word' id='word_1_205' title='bbox 293 2674 571 2731; x_wconf 78' lang='lat' dir='ltr'><strong>provocent</strong></span> <span class='ocrx_word' id='word_1_206' title='bbox 595 2683 753 2733; x_wconf 84' lang='lat' dir='ltr'><strong>eaque</strong></span> <span class='ocrx_word' id='word_1_207' title='bbox 781 2664 883 2715; x_wconf 87' lang='lat' dir='ltr'><strong>sola</strong></span> <span class='ocrx_word' id='word_1_208' title='bbox 909 2665 1014 2715; x_wconf 85' lang='lat' dir='ltr'><strong>fere</strong></span> <span class='ocrx_word' id='word_1_209' title='bbox 1042 2667 1096 2715; x_wconf 88' lang='lat' dir='ltr'><strong>in</strong></span> <span class='ocrx_word' id='word_1_210' title='bbox 1125 2665 1223 2715; x_wconf 89' lang='lat' dir='ltr'><strong>fide</strong></span> <span class='ocrx_word' id='word_1_211' title='bbox 1252 2664 1503 2734; x_wconf 84' lang='lat' dir='ltr'><strong>rebusque</strong></span> 
     </span>
    </p>
   </div>
  </div>
 </body>
</html>
