1669 2878
562 58 1023 97 Paonaoonmu..
1410 48 1468 96 51

109 166 314 221 omnino
341 163 516 216 divinis
542 163 706 215 valere
735 163 917 225 dicant,
954 166 1008 214 in
1042 163 1220 219 multas
1249 151 1477 219 ,incidant

107 265 303 332 necesse
332 258 405 300 est
434 250 698 318 angustias,
720 262 853 298 ‘cum
882 249 1137 299 criterium
1165 249 1236 317 (¹)
1269 248 1476 305 illorum

106 331 381 392 sensorum,
411 350 514 401 quo
539 331 741 400 quidem
766 350 1007 399 quaenam
1031 340 1165 382 recta
1191 350 1405 401 veraque
1424 344 1474 385 et

106 424 274 466 contra
294 429 537 484 quaenam
555 433 705 483 prava
722 412 944 483 falsaque
961 415 1059 465 sint
1076 412 1340 464 diiudicari
1358 434 1473 483 que-

102 506 170 555 at,
197 498 496 567 postuletur.
529 497 582 546 Si
602 499 734 547 enim
754 498 1010 547 criterium
1027 496 1225 546 nullum
1244 500 1470 558 omnino,

101 589 189 631 aut
205 580 371 630 hocin
397 571 514 648 ipsis
538 581 688 629 sensis
712 582 932 649 positum
959 588 1048 638 est,
1078 588 1188 629 tum
1203 578 1470 630 hominum

101 664 283 729 quivis,
322 663 469 711 etiam
502 664 718 715 maxime
749 663 968 714 nefarius
1004 672 1053 712 et
1080 664 1265 731 impius
1296 662 1470 713 eodem

101 752 232 792 certe
256 745 366 794 iure
390 763 494 812 quo
513 748 581 813 pii
602 755 651 795 et
669 748 821 796 sancti
840 764 927 796 sua
945 744 1313 814 qualiacunque
1333 763 1471 796 sensa

98 844 192 895 pro
211 828 358 877 unice
376 830 508 878 veris·
523 827 706 877 habere
722 836 910 897 potest3
941 814 1034 877 nec
1056 830 1251 895 pagani,
1280 830 1319 878 si
1337 827 1471 878 sorte

98 910 246 978 Apim
265 920 351 960 aut
368 912 567 962 simium
591 911 741 961 deum
770 900 961 970 colunt,
991 911 1108 979 quia
1128 928 1230 960 esse
1249 909 1399 959 deum
1417 911 1469 960 in

99 993 265 1043 animo
294 995 473 1043 sentire
501 1012 552 1043 se
580 1002 777 1062 putant,
811 994 1081 1062 vituperari
1112 1002 1161 1042 et
1189 995 1373 1042 erroris
1398 1011 1473 1042 ac-

101 1078 257 1126 cusari
277 1085 502 1144 possunt.
540 1075 679 1125 Adsit
696 1078 845 1143 igitur
862 1074 1168 1145 regula-qua
1188 1077 1471 1125 animorum

99 1156 310 1208 obscure
335 1176 470 1209 sensa
496 1157 809 1208 illustrentur
826 1158 1281 1226 diiudicenturque,
1302 1175 1365 1206 ne
1382 1158 1470 1208 bo-

96 1258 158 1288 na
188 1240 415 1310 malaque
443 1251 625 1291 temere
655 1242 955 1290 misceantur
984 1242 1250 1308 omniaque
1280 1250 1471 1309 pertur-

97 1323 303 1374 bentur:
336 1323 457 1375 haec
482 1333 649 1387 autem
674 1325 776 1393 ipsa
801 1322 971 1392 regula
991 1342 1094 1374 non
1119 1325 1211 1373 nisi
1231 1342 1258 1373 e
1278 1325 1468 1374 ratione

97 1408 341 1474 originem
371 1407 553 1456 ducere
580 1416 776 1475 potest,
807 1409 1046 1474 quoniam
1078 1415 1238 1455 cetera
1253 1407 1470 1474 ,quidem

96 1490 378 1548 animantia,
407 1508 511 1539 non
535 1491 702 1539 minus
735 1507 887 1557 quam
911 1488 1138 1539 homines
1162 1489 1386 1540 sensibus
1411 1507 1469 1540 ac

95 1573 245 1621 sensis
272 1571 508 1640 praedita,
537 1572 674 1640 quod
698 1573 888 1621 ratione
908 1580 1092 1628 carent,
1113 1570 1336 1638 regulam
1351 1571 1468 1621 nul-

94 1653 193 1702 lam
227 1654 400 1721 agendi
429 1649 577 1723 ‘sequi
613 1664 839 1724 possunt.
901 1654 1112 1704 Ratione
1141 1672 1260 1704 vero
1291 1654 1354 1704 ad
1388 1673 1466 1705 re-

94 1735 330 1804 ligionem
358 1737 636 1796 accedente,
676 1755 778 1787 non
806 1747 895 1798 est,
933 1736 1069 1805 quod
1099 1736 1468 1806 philosophiam

95 1820 346 1869 inimicam
370 1819 597 1887 religioni
620 1838 714 1870 nec
739 1838 855 1869 cum
875 1837 931 1869 ea
948 1819 1362 1870 reconciliandam
1378 1839 1470 1889 pu-

94 1910 275 1952 temus.
328 1901 616 1953 Cavendum
653 1912 821 1952 autem
856 1911 947 1962 est,
983 1920 1047 1951 ne
1084 1891 1269 1961 credas,
1307 1922 1467 1971 quum

94 1986 272 2035 rationi
299 1986 396 2034 sint
423 1974 589 2034 omnia
616 1984 939 2041 subiicienda,
978 1987 1130 2034 sensis
1157 1987 1362 2034 internis
1391 1987 1468 2035 iis-

95 2086 195 2134 que
237 2059 482 2135 primariis
525 2065 653 2116 nihil
691 2084 896 2136 prorsus
934 2066 1090 2116 tribui
1133 2066 1337 2117 debere:
1395 2077 1468 2120 est

94 2167 244 2200 suum
274 2150 491 2219 pretium
522 2151 692 2207 sensis,
734 2159 783 2198 et
817 2167 1150 2217 quaecunque
1179 2153 1369 2220 ratione
1397 2153 1468 2199 iu-

94 2242 258 2293 vante,
293 2235 582 2302 praesertim
609 2233 669 2284 de
697 2233 845 2283 rebus
873 2232 1070 2292 divinis,
1109 2234 1467 2300 investigaveri-

96 2334 226 2376 mus,
254 2317 433 2366 sentire
460 2318 607 2366 etiam
631 2318 931 2385 penitusque
958 2318 1016 2365 iis
1034 2316 1300 2384 penetrari,
1322 2324 1380 2364 ut
1398 2316 1467 2363 ita

98 2399 274 2458 dicam,
304 2398 563 2459 debemus3
593 2399 712 2449 hinc
738 2418 831 2448 nec
860 2397 963 2448 sola
985 2417 1120 2448 sensa
1146 2400 1249 2447 sine
1273 2399 1467 2448 ratione

180 2528 235 2583 (¹)
265 2529 328 2568 De
352 2527 509 2567 criterii
528 2526 826 2582 significatione
844 2535 884 2567 et
900 2540 977 2568 usu
994 2526 1086 2568 vide
1104 2526 1290 2568 sisSext.
1308 2527 1468 2584 Empir-

97 2596 300 2658 Pyrrhon.
316 2594 502 2651 Hypoth.
523 2593 630 2657 p.54
645 2607 734 2649 sqq.
1153 2652 1205 2697 4*
