1669 2878
159 133 222 183 36
616 145 796 179 mann
834 144 1070 179 ramus.

161 259 294 308 enim
321 252 546 316 instituta
574 253 742 304 omnia
769 271 825 303 ea
854 262 995 312 sunt,
1030 250 1158 321 quae
1182 253 1240 301 'in
1262 250 1528 304 aeternum

158 357 361 390 manere
387 355 553 406 neque
578 338 770 406 possint
795 356 961 407 neque
988 336 1225 398 debeant,
1258 337 1529 404 siquidem

157 424 425 475 hominum
453 418 599 471 saluti
629 438 745 470 vere
773 422 1011 472 inservire
1037 418 1218 480 velint3
1258 416 1530 470 immutatis

161 517 293 557 certe
312 505 520 554 civitatis
532 502 743 552 alicuius
757 514 888 554 statu
901 515 949 554 et
964 502 1246 555 conditione
1257 519 1350 551 nec
1364 520 1528 552 mores

158 607 250 639 nec
266 587 398 656 leges
417 587 654 656 temporis
672 588 767 636 acti
787 605 906 638 cum
924 589 1107 638 civium
1128 585 1380 637 communi
1401 602 1529 635 com-

154 672 306 722 modo
334 672 629 720 retinentur.
666 669 873 733 Quanto
900 669 1054 739 igitur
1079 671 1257 721 melius
1282 668 1438 719 Solon
1463 668 1530 717 le-

154 755 398 823 gislatoris
426 771 636 803 munere
668 753 876 804 functus
910 756 991 813 sit,
1031 773 1191 822 quum
1218 755 1526 822 magistratus

153 838 416 906 quosdam,
452 836 862 886 nomothetarum
889 839 1093 886 nomine
1120 836 1407 905 appellatos,
1438 838 1528 904 qui

153 920 359 987 singulis
386 921 526 968 annis
553 918 682 985 leges
712 929 1025 967 recenserent
1043 936 1244 984 unaque
1263 936 1391 984 quae
1408 921 1526 967 reti-

150 1003 340 1051 nendae
359 1000 590 1068 quaeque
604 998 874 1049 abolendae
892 1011 1053 1049 essent
1065 1008 1379 1068 quaererent,
1401 1001 1525 1067 quin

148 1086 299 1133 etiam
321 1084 474 1133 novas
498 1084 537 1132 si
561 1068 692 1131 forte
719 1100 848 1150 opus
873 1092 1016 1142 esset,
1046 1082 1252 1142 ferrent,
1284 1084 1524 1132 constitu-

148 1166 302 1215 endos
338 1167 546 1224 curavit,
585 1162 732 1213 facile
766 1164 1079 1231 intelligitur.
1134 1166 1332 1213 Mature
1366 1164 1522 1213 Athe-

147 1249 344 1298 nienses
369 1249 598 1296 virorum
623 1244 1038 1305 fortissimorum,
1073 1265 1293 1316 quorum
1320 1249 1522 1295 nomina

147 1333 402 1380 neminem
419 1328 592 1387 latent,
616 1328 834 1378 consiliis
851 1331 1001 1378 animi
1019 1331 1340 1379 attentionem
1358 1334 1519 1379 inten-

146 1413 318 1463 derant
352 1412 413 1462 ad
448 1430 602 1471 mare,
645 1413 801 1479 inque
837 1431 897 1462 eo
931 1411 1133 1462 futurae
1167 1413 1517 1480 magnitudinis

122 1487 418 1563 *posuerant
452 1514 608 1563 spem,
648 1513 777 1561 quae
812 1497 945 1562 ipsos
973 1513 1288 1562 nequaquam
1317 1495 1512 1545 fefellit.

139 1577 319 1645 Negat-i
339 1595 455 1627 sane
473 1578 655 1645 inquit,
673 1576 863 1626 divitias
881 1586 1187 1626 mercaturae
1201 1565 1517 1644 potissimum

137 1669 466 1726 quaestuosae
487 1657 837 1709 emolumentis
855 1669 1035 1727 partas,
1058 1658 1117 1708 ad
1134 1661 1391 1728 pristinam
1410 1679 1516 1710 mo-

135 1761 251 1792 rum
277 1746 610 1811 integritatem
636 1741 952 1792 deterendam
978 1742 1333 1810 luxuriamque
1359 1753 1408 1793 et
1426 1763 1514 1793 cu-

134 1827 288 1875 iusvis
317 1829 509 1893 generis
535 1825 765 1881 libidines
792 1826 1133 1893 propagandas
1157 1827 1412 1893 totiusque
1429 1824 1513 1876 de-

136 1910 293 1975 nique
312 1907 615 1976 reipublicae
633 1909 904 1974 perniciem
919 1907 1285 1956 accelerandam
1297 1908 1513 1959 multum

133 1990 421 2040 contulisse:
445 1990 530 2039 sed
549 1997 940 2056 quantacunque
955 1989 1165 2038 fuerunt
1177 1991 1506 2053 incommoda,

132 2091 249 2121 cum
283 2074 458 2122 maiori
488 2063 749 2141 'opulentia
782 2089 991 2139 semper
1003 2074 1307 2132 coniuncta,
1345 2084 1509 2142 tamen

131 2152 301 2203 nullus
320 2164 392 2205 est
408 2158 532 2223 quin
550 2153 730 2213 videat,
760 2154 1090 2206 Athenienses
1115 2157 1210 2206 nisi
1235 2159 1365 2207 nacti
1383 2138 1508 2208 fuis-

131 2245 242 2286 sent
266 2235 381 2285 talia
406 2238 663 2306 praesidia,
695 2237 799 2286 sine
827 2221 1015 2305 quibus
1032 2237 1112 2287 vel
1129 2241 1315 2306 optima
1332 2240 1508 2290 volun-

128 2329 201 2370 tas
214 2318 343 2368 nihil
361 2319 481 2370 boni
499 2320 738 2390 perficere
749 2322 1009 2389 potuisset,
1023 2333 1071 2371 et
1085 2338 1309 2391 quorum
1320 2321 1503 2373 auxilio

125 2401 374 2462 liberales,
395 2403 458 2464 ab
476 2405 592 2473 ipsis
614 2402 1007 2471 fere'profectae,
1029 2412 1158 2453 artes
1175 2413 1225 2453 et
1242 2403 1436 2455 litterae
1455 2415 1504 2456 et

127 2488 464 2538 excitarentur
492 2497 548 2537 ‘et
582 2489 899 2555 iuvarentur,
938 2519 986 2527 —
1027 2486 1112 2537 tali
1147 2489 1500 2559 praestantissi-

124 2587 325 2621 morum
342 2573 661 2640 ingeniorum
686 2572 830 2640 copia
855 2571 1107 2640 abundare
1127 2590 1242 2623 non.
1257 2565 1493 2639 potuisse.

123 2649 319 2714 Quodsi
334 2652 661 2704 Athenienses
684 2653 890 2721 posthac
915 2656 969 2704 in
992 2653 1148 2713 bello,
1169 2653 1306 2722 quod
1322 2653 1495 2707 florem
