1669 2878
177 113 235 155 18
632 122 810 154 nmen
846 124 1084 156 rannus.

172 252 245 292 tas
263 245 492 310 regiones
507 236 734 292 dilatatae
750 249 911 293 terrae
927 242 1245 302 continentis,
1262 255 1358 294 nec
1367 241 1544 311 fertilis

172 324 284 376 talis
307 324 550 395 planitiei,
580 323 752 393 quales
777 326 872 376 sub
896 327 1084 377 mitiori
1106 324 1250 375 Asiae
1274 326 1415 378 coelo
1439 325 1548 398 plu-

175 425 254 458 res
273 409 572 476 eaedemque
595 409 896 459 vastissimae
919 410 1259 479 reperiuntur,
1289 410 1374 459 sed
1398 429 1547 479 angu-

175 504 277 543 stae
303 493 489 560 potius,
519 492 644 541 mari
671 492 872 559 penitus
897 491 1005 543 fere
1032 491 1388 543 circumfluxae
1411 494 1546 543 item-

172 591 276 643 que
293 582 586 624 montuosae
611 571 866 643 sylvisque
888 577 1073 645 asperis
1099 575 1296 644 ubique
1314 573 1547 625 dissectae

172 656 366 707 insulae
389 658 604 725 speciem
626 673 747 723 prae
770 674 822 706 se
849 657 983 708 ferre
1010 667 1219 709 constat.
1265 659 1409 722 Quae
1425 677 1546 709 vero

171 738 234 789 de
251 739 425 808 primis
438 739 545 789 eius
560 736 752 799 ineolis,
770 741 979 809 poeticis
996 741 1150 809 magis
1166 740 1351 799 fabulis
1368 741 1547 793 decora

171 841 325 890 quam
354 825 500 872 certis
524 822 758 872 historiae
783 826 1085 874 testimoniis·
1106 824 1412 883 confirmata,
1450 834 1546 875 tra-

173 905 394 963 duntur,
432 905 647 956 obscura
673 914 814 963 sunt,
851 922 996 973 saepe
1025 905 1233 955 confusa
1266 914 1316 955 et
1344 906 1439 956 sibi
1465 926 1544 958 re-

82 1036 84 1038 .
166 989 462 1056 pugnantia,
491 1005 520 1036 e
544 987 730 1054 quibus
754 1003 930 1036 verum
947 986 1070 1054 quid
1087 985 1243 1036 fuerit
1259 1005 1398 1038 serus
1415 989 1547 1038 inda-

170 1078 313 1137 gator
336 1067 471 1117 haud
495 1068 643 1119 fac-ile
660 1086 837 1119 eruere
854 1078 1021 1138 queat.
1070 1069 1141 1119 At
1156 1086 1318 1120 unum
1335 1068 1459 1133 illud
1478 1088 1548 1119 sa-

162 1153 231 1201 tis
263 1153 589 1220 perspicuum
622 1160 773 1220 atque
805 1160 1146 1221 compertum:
1193 1154 1545 1221 antiquissimis

168 1234 484 1302 temporibus
525 1235 682 1284 varias
719 1236 1038 1302 migrationes
1073 1237 1297 1303 gentium
1330 1238 1544 1286 incertae

168 1320 378 1386 originis
395 1319 798 1384 mutationesque
817 1317 1028 1377 sedium,
1048 1336 1192 1387 saepe
1208 1320 1441 1387 repetitos
1458 1318 1543 1368 ho-

166 1403 366 1451 minum
382 1417 674 1470 congressus
691 1398 914 1459 hostiles,
941 1401 1283 1452 invasioneset
1300 1400 1544 1471 expulsio-

167 1501 255 1534 nes
283 1485 577 1543 obtinuisse,
606 1486 902 1553 priusquam
929 1485 1067 1542 istae,
1099 1501 1230 1552 quae
1254 1494 1422 1553 postea
1447 1504 1544 1534 ma-

166 1569 240 1632 gis
252 1568 481 1616 minusve
490 1565 787 1622 inclaruere,
803 1567 1023 1615 civitates
1038 1568 1459 1616 constituerentur
1475 1568 1545 1615 in-

162 1657 343 1716 traque
376 1657 541 1699 certos
574 1648 774 1697 tandem
807 1647 931 1699 fines
957 1646 1352 1707 includerentur,
1389 1658 1540 1717 atque

163 1732 442 1790 societates,
480 1730 668 1798 quibus
702 1729 882 1798 populi
917 1748 968 1781 se
1002 1733 1216 1782 invicem
1253 1740 1535 1791 tuerentur,

161 1822 299 1863 certo
324 1812 529 1862 foedere
554 1814 825 1871 inirentur3
856 1820 1021 1864 tantae
1041 1812 1189 1862 molis
1205 1821 1312 1878 erat
1328 1814 1539 1863 Graeco-

162 1912 279 1942 rum
307 1894 521 1942 condere
546 1901 743 1959 gentem
758 1893 851 1957 (¹).
903 1895 1012 1941 Iam
1035 1896 1076 1942 si
1103 1897 1218 1961 quis
1245 1903 1318 1943 est
1343 1897 1432 1962 qui
1449 1912 1539 1963 pu-

158 1983 255 2034 tet,
294 1974 571 2043 longinqua
599 1992 693 2024 nos
720 1973 895 2032 hodie,
933 1983 1077 2026 tanto·
1102 1974 1415 2026 saeculorum
1441 1995 1538 2027 nu·

158 2053 298 2107 mero
323 2057 678 2115 intercedente,
712 2059 1007 2125 antiquitate
1023 2057 1298 2126 prohiberi,
1330 2077 1433 2127 quo
1450 2062 1537 2109 mi·

159 2157 256 2188 nus
274 2142 433 2208 prisca
458 2140 542 2191 illa
567 2142 767 2209 penitus
792 2141 1091 2210 perscrutari
1109 2150 1343 2210 recteque
1360 2141 1535 2193 intelli-

157 2238 275 2288 gere
295 2224 563 2290 possimus,
594 2226 634 2272 is
659 2223 988 2293 Thucydidis,
1022 2226 1250 2274 omnium
1277 2224 1534 2275 historico·

155 2323 272 2352 rum
296 2303 444 2353 facile
469 2307 726 2372 principis,
759 2307 847 2371 qui
872 2314 931 2355 ut
955 2306 1126 2355 sedulo
1155 2307 1256 2356 fata
1283 2309 1531 2356 maiorum

155 2386 461 2436 examinaret
484 2395 633 2455 atque
661 2379 999 2455 cognosceret,
1030 2388 1157 2437 nihil
1179 2389 1526 2457 praetermisit,

153 2471 315 2536 prima
341 2472 520 2540 capita,
551 2471 640 2519 ubi
666 2469 726 2519 de
752 2478 918 2520 vetere
933 2471 1247 2524 Graecorum
1270 2479 1401 2520 statu
1418 2474 1529 2523 satis

239 2575 298 2631 (¹)
329 2577 395 2618 Cf.
417 2577 473 2619 cl.
500 2579 689 2634 Heyne:
711 2579 791 2617 *De
812 2578 1065 2620 Graecorum
1095 2578 1258 2636 origine
1280 2577 1527 2632 suspiciones

155 2639 199 2679 in
217 2642 503 2684 commentatt.
517 2647 614 2687 Soc.
631 2645 736 2697 Reg.
754 2645 1072 2699 GottingNm.
