1669 2878
136 65 165 117 δ
594 50 1051 109 ιιιιιιιι,,ι·ιιιἰιυε.

137 196 448 253 quamquam
463 196 563 234 neo.
575 177 949 237 recentioribus<
960 176 1141 238 desunt
1159 178 1341 246 scripta
1355 176 1511 228 histo.-

137 260 268 321 rica'„
286 260 441 320 laude
454 261 756 330 dignissima.
794 291 849 316 -.·
866 260 1004 314 Illud
1031 277 1152 324 vero
1179 260 1509 329 primitivum,

139 344 287 414 quod,
296 345 532 402 (linimus,
549 343 820 406 enarrandi
841 361 997 412 genus
1013 361 1123 394 eam
1139 342 1202 392 ab
1219 359 1417 393 causam
1434 361 1513 394 so·-

138 426 251 478 1ιιιιι
267 446 375 484 non
388 426 583 483 sufficit,
605 426 723 506 quia
742 445 873 494 quae
891 446 919 477 a
932 424 1136 494 singulis
1153 423 1429 478 traduntur
1437 426 1516 477 sui

141 511 380 579 temporis
405 526 646 579 prospera
669 500 750 558 vel
774 508 981 561 adversa
998 527 1213 578 parvum
1233 506 1385 558 modo
1405 526 1516 577 spa·

141 594 274 641 tium
292 590 719 662 comprehendere
746 600 961 659 queunt,
993 600 1044 642 et
1069 591 1139 643 ob
1153 591 1222 649 id,
1251 588 1514 659 desiderio,

142 692 350 734 omnem
359 675 708 742 antiquitatem
724 673 1083 742 cognoscendi,
1103 674 1315 724 minime
1331 656 1519 723 satisfa-

142 758 303 814 ciunt.
358 756 485 807 Inde
509 766 627 815 orta
656 756 969 825 compendia.
1024 756 1103 806 De
1135 755 1322 808 horum
1356 766 1519 806 autem

143 839 527 899 scribendorum
553 840 748 905 ratione
772 839 936 888 variae
963 847 1082 888 sunt
1112 847 1163 888 et
1189 838 1520 905 discrepantes

145 923 441 983 sententiae:
481 939 642 989 quum
669 920 750 969 alii
783 919 986 987 quidem
1016 927 1321 987 temporum,
1360 918 1521 978 homi-

143 1021 289 1061 num,
315 1003 565 1060 locorum,
586 1012 834 1069 gestarum
850 1019 1021 1050 rerum
1038 1010 1362 1060 monumenta
1381 1000 1525 1051 colli-

143 1081 302 1151 genda
319 1092 515 1154 tantum
539 1092 590 1141 et
613 1085 667 1133 in
690 1101 854 1135 unum
875 1100 1079 1153 corpus,
1104 1082 1339 1134 omnibus
1360 1085 1523 1134 omni-

141 1184 213 1227 no
238 1168 540 1222 ornamentis
565 1165 673 1231 fere
698 1166 952 1235 neglectis,
981 1165 1246 1234 redigenda
1271 1176 1519 1227 censeant,

144 1258 206 1311 ut
240 1249 574 1305 conficiantur
608 1248 834 1308 annales,
874 1249 932 1299 ad
970 1267 1098 1317 quos
1134 1250 1520 1318 componendos,

144 1342 204 1381 ut
226 1332 528 1391 aitCicero,
562 1333 790 1390 satisest,
816 1327 924 1384 non
947 1349 1052 1382 esse
1076 1332 1382 1391 mendacem,
1415 1351 1525 1383 ora-

143 1424 258 1465 tore
295 1424 477 1473 a'utem‘
498 1432 634 1483 opus.
668 1432 775 1465 non
816 1424 915 1474 est3
961 1414 1045 1467 alii
1078 1433 1200 1466 vero
1234 1418 1526 1483 praeterito-

146 1515 266 1566 rum
290 1495 608 1561 saeculorum
634 1497 1044 1566 proprietatesin
1076 1498 1303 1548 oratione
1329 1498 1525 1549 imitan-

147 1579 236 1637 das
256 1581 569 1648 omninoque
598 1582 666 1630 ita
695 1579 1049 1649 exponendum
1079 1579 1141 1630 de
1174 1581 1292 1649 ipsis
1326 1590 1529 1649 putent,

145 1670 207 1712 ut
237 1660 500 1734 aequalem
531 1661 766 1731 aliquem
789 1664 1120 1726 eoruminter
1144 1661 1413 1731 legendum
1437 1683 1533 1718 au-.

145 1743 252 1793 dire
278 1735 473 1807 credas:
506 1744 560 1795 id
587 1731 726 1812 quod
752 1753 951 1812 praeter
975 1744 1098 1795 alios
1125 1744 1312 1795 multos
1335 1744 1528 1794 clarum

143 1825 477 1885 Iohannem
492 1825 821 1880 Mullorum
844 1835 1056 1877 tentasse
1074 1828 1278 1884 scimus,
1298 1825 1465 1876 haud
1450 1846 1526 1876 m-

146 1906 378 1965 feliciter
389 1916 546 1966 certe,
575 1908 645 1960 ita
672 1915 857 1968 tamen,
888 1915 948 1957 ut
974 1905 1118 1958 labor
1144 1916 1195 1958 et
1220 1927 1297 1959 ars
1321 1910 1526 1961 minime

145 1988 331 2040 lateant
334 2008 619 2057 ,omneque
632 2008 760 2058 opus
770 1984 982 2039 naturali
995 1989 1213 2058 quodam
1224 1990 1435 2041 candore
1445 2011 1525 2041 ca-

145 2081 277 2132 reat3
307 2072 447 2140 quod
469 2091 664 2147 semper
688 2072 881 2124 accidat
899 2089 1099 2137 necesse
1123 2082 1212 2133 est,
1235 2092 1397 2143 quum
1413 2073 1524 2125 lon-

148 2155 337 2221 ginqua
378 2163 428 2203 et
466 2150 672 2208 remota¹
698 2164 954 2224 tamquam
986 2157 1262 2223 praesentia
1294 2165 1347 2206 et
1379 2157 1525 2208 nobis

149 2244 391 2288 consueta
431 2235 604 2294 oculis,
630 2239 813 2289 nostris
852 2248 1244 2307 proponuntura,
1278 2241 1412 2307 quia
1430 2258 1525 2290 nec

149 2321 415 2388 scriptores
440 2336 534 2369 nee
550 2318 761 2370 lectores
777 2321 979 2388 penitus
996 2330 1214 2372 mentem
1231 2329 1282 2371 et
1297 2331 1526 2371 naturam

148 2403 316 2453 aetatis
341 2400 555 2459 alicuius
580 2404 775 2472 assequi
809 2411 1037 2471 possunt.
1081 2404 1147 2455 Et
1170 2420 1350 2454 verum
1371 2412 1438 2453 ut
1450 2403 1525 2452 fa-

150 2492 361 2543 teamur,
405 2483 675 2537 consilium
709 2484 1083 2553 exsequendum
1115 2486 1356 2561 historico
1390 2484 1525 2542 aliud
1611 2546 1615 2549 .

146 2566 401 2632 quoddam
432 2569 714 2639 maiusque.
774 2566 982 2636 Singula
1015 2570 1154 2646 enim
1183 2586 1315 2638 quae
1346 2586 1523 2628 occur-
