1669 2878
158 87 190 131 4
613 99 789 132 maiza
829 100 1067 134 rannus.

159 204 630 264 animadvertantur,
661 206 913 273 corrigere
940 224 1144 274 unaque
1164 205 1458 273 cognitionis
1478 212 1529 254 et

159 290 391 339 scientiae
415 289 590 346 amori,
616 305 773 355 quem
795 290 850 337 in
872 306 954 338 me
974 306 1229 338 summum
1244 289 1402 339 inesse
1419 305 1528 339 sen-

157 374 250 432 tio,
280 371 557 422 satisfacere
573 372 778 439 possim.

293 455 601 521 Quicunque
618 454 680 503 de
701 462 839 522 parte
856 453 1021 523 aliqua
1035 453 1337 505 litteraturae
1350 453 1527 523 populi

158 538 367 587 alicuius
392 546 527 587 recte
551 536 770 587 iudicare
792 537 1005 597 studeat,
1027 548 1333 607 compertum
1350 536 1529 586 habeat

157 637 355 670 necesse
378 629 470 675 est,
493 638 665 670 omnes
684 629 733 670 et
750 629 878 670 artes
896 630 945 671 et
961 620 1260 689 disciplinas,
1289 638 1448 688 quum
1467 637 1528 667 ex

155 721 261 758 uno
278 702 555 770 eodemque
573 697 732 761 fonte,
760 702 1140 771 intelligentiam
1158 705 1268 754 sive
1287 704 1530 754 rationem?

155 786 287 844 dico,
302 787 551 853 originem
564 786 769 845 ducant,
783 794 927 838 arcto-
935 786 1155 854 quodam
1166 788 1412 837 societatis
1421 787 1532 836 -vin-

155 867 272 919 culo
288 899 341 907 —
355 887 485 937 quae
495 877 571 919 est
582 868 814 927 Platonis,
832 878 891 918 ut
906 871 974 918 ait
986 869 1194 933 Cicero(
1203 869 1217 899 ¹
1227 871 1261 934 )‚
1279 887 1394 917 vera
1412 887 1529 927 vox,

155 953 402 1004 contineri
420 960 572 1019 atque
589 952 716 1000 inter
733 968 784 1000 se
802 949 1091 1008 cohaerere3
1112 967 1219 1017 quo
1236 948 1340 1009 fiat,
1361 959 1421 1000 ut
1436 952 1526 1018 qui

152 1035 390 1101 temporis
413 1042 502 1084 aut
523 1034 736 1083 civitatis
760 1031 912 1082 ullius
937 1030 1109 1083 ullum.
1126 1030 1527 1101 culturae'genus

149 1115 349 1182 penitus
379 1113 500 1165 velit
531 1104 848 1183 cognoscere,
886 1125 1044 1167 totam
1077 1133 1195 1166 eamr
1214 1116 1527 1168 considerare

151 1206 377 1264 cogatur.
429 1197 533 1248 Sed
560 1197 684 1248 haec
711 1200 835 1267 ipsa,
874 1200 1017 1248 cuius
1044 1198 1195 1249 modo
1221 1201 1526 1250 mentionem

148 1279 378 1336 fecimus,
408 1278 686 1341 litteratura
712 1279 896 1347 pendet
919 1281 1200 1348 partimab.
1217 1282 1402 1348 ingenii
1426 1281 1524 1331 sol-

145 1359 307 1420 lertia,
328 1363 468 1411 omni
492 1361 687 1430 populo
711 1363 865 1419 insiti,
894 1364 1076 1429 partim
1097 1383 1126 1412 a
1142 1365 1289 1414 variis
1299 1364 1520 1422 nasibus,

146 1443 208 1497 de
225 1443 413 1509 quibus
435 1442 642 1494 historia
666 1442 1000 1512 eiusfpolitica.
1015 1446 1285 1496 memoriae
1302 1444 1523 1496 tradidit*

145 1526 223 1575 De
246 1525 327 1575 his
356 1527 527 1593 igitur,
562 1546 871 1594 quamquam
898 1546 937 1577 a.
957 1526 1128 1577 multis
1158 1529 1256 1577 iam
1287 1532 1519 1587 tractatis,

144 1607 359 1675 ideoque
386 1606 470 1663 hic
500 1608 707 1658 forsitan
733 1608 1125 1677 praetereundis,
1142 1609 1274 1659 -mihi
1294 1628 1518 1679 quoque,

144 1692 333 1757 quippe
351 1708 468 1740 cum
486 1690 593 1740 aliis
612 1691 673 1738 de
688 1691 865 1740 iisdem
883 1691 1236 1742 disserentibus
1254 1709 1521 1760 nonpror-

142 1790 226 1825 sus
242 1774 572 1825 consentienti
587 1791 696 1831 nec,
709 1774 941 1841 imposita
954 1772 1211 1824 scribendi
1220 1777 1529 1835 necessitate,-

143 1872 271 1920 quae
300 1854 437 1905 mihi.
456 1854 755 1921 probentur,
795 1853 992 1904 silentio
1026 1856 1317 1912 transituro,
1353 1858 1518 1924 primo

139 1934 254 1986 loco
269 1937 375 1988 erit
398 1935 777 2004 exponendum3
806 1937 1095 2007 praesertim
1118 1938 1512 2004 quumssvideam,

138 2037 340 2071 morem,
350 2036 455 2069 esse
472 2020 645 2087 priscis
663 2035 769 2069 non
788 2020 955 2068 minus
974 2037 1127 2086 quam
1150 2022 1526 2084 recentioribus

139 2110 419 2167 acceptum,
464 2103 518 2149 in
551 2105 827 2169 prooemio.
847 2119 990 2170 saepe
1026 2120 1083 2151 ea
1115 2101 1334 2153 breviter
1367 2107 1513 2154 attin-

138 2180 304 2248 gendi,
325 2200 453 2249 quae
470 2182 675 2250 quidem
693 2202 821 2247 cum.
832 2185 1093 2254 proposito
1119 2184 1328 2236 consilio
1346 2189 1521 2238 minus.

137 2267 271 2315 arcte
295 2267 395 2314 sint
415 2267 701 2323 coniuncta,
728 2266 904 2316 denuo'
913 2276 1080 2316 autem
1097 2285 1339 2335 perpensa
1357 2277 1409 2316 et
1424 2285 1511 2317 ex·

136 2345 316 2413 plicata
340 2345 559 2397 multum
582 2347 711 2398 lucis
736 2349 1135 2416 ipsivtractandae
1159 2350 1389 2399 materiae
1413 2351 1511 2401 sint

137 2427 359 2479 allatura.
404 2430 482 2479 De
506 2429 674 2479 indole
697 2433 870 2498 itaque
887 2429 1199 2483 Graecorum
1219 2441 1268 2480 et
1286 2429 1419 2490 fatis,
1448 2431 1509 2481 de

215 2607 277 2661 (¹)
306 2609 394 2649 Cic.
413 2610 465 2651 de
482 2621 586 2653 orat.
603 2613 673 2662 111,
690 2612 737 2662 6;
768 2613 825 2653 cf.
840 2612 930 2654 Cic.
945 2627 1022 2668 pro
1039 2613 1192 2655 Archia
1211 2614 1245 2661 1,
1263 2613 1303 2654 2.
