1669 2878
185 98 248 146 20
642 111 821 147 menn
858 111 1098 149 smnus.

187 241 242 283 et
262 233 497 302 Aegypto
510 268 525 291 ,
561 231 715 282 cuius·
730 234 937 302 antiqua
962 233 1198 301 sapientia
1222 231 1456 285 laudibus
1481 250 1561 284 or*-

184 324 353 376 natur,
398 314 790 383 immigrantium
826 326 876 367 et
913 333 1009 386 pro
1039 324 1327 386 temporum
1352 316 1561 369 illorum

186 399 475 450 conditione
517 397 652 448 haud
691 399 1107 450 contemnendam.
1149 397 1404 449 culturam>
1444 401 1558 451 affe-

187 480 447 533 rentium?
481 479 552 530 At
576 490 740 549 quum
765 479 954 532 multae
979 500 1057 533 res
1086 483 1139 532 in
1167 481 1497 541 Graecorum,
1528 503 1556 532 a

181 564 476 614 doctissimis
521 564 704 631 prioris
750 572 800 612 et
836 566 1125 620 recentioris
1166 565 1273 614 aevi
1311 565 1429 613 viris
1468 564 1556 613 diu

179 644 501 712 multumque
525 653 747 702 tractata,
776 646 1071 712 antiquitate
1087 663 1249 714 usque
1271 634 1433 696 adhuc
1450 664 1554 695 non

178 730 292 777 satis
323 735 373 776 et
400 726 463 775 ab
491 725 726 776 omnibus
754 727 961 778 omnino
988 728 1213 798 partibus
1239 729 1554 797 investigatae

177 814 277 860 sint
309 821 358 859 et
391 809 664 878 explicatae
697 818 749 858 et
782 810 850 859 ob
884 819 1085 860 noctem
1110 810 1361 877 quandam
1388 828 1551 878 popu-

176 891 348 942 lorum
389 893 628 951 omnium¹
659 891 935 960 originibus
976 891 1189 942 offusam
1221 899 1274 942 et
1307 892 1375 942 ob
1412 897 1551 944 c‘om·

173 974 401 1041 plurium
434 983 662 1023 veterum
696 975 998 1040 scriptorum
1030 990 1333 1040 magnopere
1373 973 1548 1041 lugen-

169 1054 293 1103 dum
326 1054 613 1103 interitum:
651 1062 764 1103 tum
798 1053 860 1103 de
895 1052 1213 1114 colonorum,
1250 1057 1343 1123 qui
1372 1058 1546 1124 primis

167 1136 481 1205 temporibus
506 1137 559 1185 in
576 1135 792 1186 Graecas
811 1137 1034 1187 civitates
1059 1138 1362 1205 immigrasse
1379 1138 1549 1189 dicun·

167 1228 255 1268 tur
268 1257 283 1278 ,
325 1217 612 1268 conditione
656 1217 965 1284 perdifficilis·
998 1220 1110 1268 iure
1151 1227 1202 1269 et
1240 1220 1545 1288 perobscura

167 1301 393 1368 quaestio
410 1299 647 1359 habetur3
669 1310 717 1349 et
734 1300 873 1367 quod
891 1302 1106 1350 maxime
1123 1318 1229 1351 rem
1244 1320 1542 1370 causamque

166 1384 409 1440 continet,
452 1390 630 1431 utrum
660 1400 687 1430 a
718 1382 1011 1449 peregrinis,
1049 1383 1151 1433 sub.
1174 1384 1373 1433 mitiore
1398 1384 1542 1435 Asiae

163 1464 459 1534 Libyaeque
483 1462 625 1514 coelo
643 1472 954 1531 praematura
971 1462 1136 1533 aliqua
1153 1467 1337 1516 artium
1353 1466 1539 1517 littera·

160 1563 383 1614 rumque
398 1545 599 1596 cultura
615 1543 840 1605 eruditis,
868 1545 1158 1597 hominibus
1174 1548 1302 1597 vitae
1318 1567 1540 1599 mansue-

158 1630 298 1678 tioris
324 1627 569 1696 praesidia
593 1629 981 1696 animorumque
1007 1627 1401 1679 excolendorum
1424 1631 1538 1681 snb-

157 1709 281 1760 sidia
294 1712 347 1758 in
366 1710 629 1760 Graeciam
647 1708 791 1759 allata
811 1712 927 1768 sint,
949 1729 1014 1759 an
1032 1720 1352 1780 conti-aquae
1367 1712 1429 1761 ad
1447 1712 1536 1762 hu-

153 1794 441 1843 manitatem
468 1800 692 1862 spectant
720 1792 1036 1849 Graecorum
1065 1795 1309 1852 instituta,
1347 1787 1533 1862 quibus

154 1884 350 1923 tantum
365 1875 637 1941 profecisse
655 1891 742 1922 eos
760 1876 945 1924 scimus
961 1883 1021 1923 ut
1032 1892 1294 1942 nunquam
1306 1881 1530 1944 superari

149 1955 604 2024 posse-videantur,
636 1954 699 2004 ab
724 1955 952 2021 ipsorum
977 1954 1276 2005 feracissima
1300 1967 1350 2007 et
1371 1977 1530 2027 paene

151 2038 315 2087 divina
342 2038 527 2106 ingenii
556 2035 725 2086 indole
760 2045 811 2086 et
837 2035 1065 2106 profecta
1094 2038 1200 2088 sint:
1223 2048 1272 2089 et
1300 2051 1444 2092 aucta
1465 2053 1528 2093 *et

149 2120 463 2187 amplificata,
492 2121 721 2188 inprimis
746 2137 924 2187 magna
941 2120 1178 2170 dissensio
1195 2131 1285 2171 est.
1333 2123 1524 2187 Quam-

147 2220 301 2270 quam
318 2210 486 2251 autem
500 2202 554 2249 in
572 2203 737 2252 animo
754 2201 878 2251 mihi
895 2219 1000 2252 non
1019 2213 1108 2263 est,
1134 2221 1242 2254 rem
1261 2205 1407 2256 istam
1421 2216 1524 2258 tam

145 2290 346 2353 gravem
362 2286 417 2333 in
434 2282 654 2332 medium
677 2283 940 2353 prolatam,
973 2296 1021 2334 et
1037 2288 1399 2337 recentioribus
1417 2307 1520 2337 ma-

143 2370 277 2416 xime
314 2365 625 2436 temporibus
665 2386 695 2415 a
737 2365 1040 2419 doctissimis
1064 2369 1435 2419 Germanorum
1470 2381 1520 2422 et

142 2448 586 2519 Francogallorum
610 2451 728 2501 viris
753 2449 991 2518 singulari
1018 2449 1138 2503 cura
1169 2460 1321 2521 atque
1349 2452 1515 2506 studio

141 2542 410 2592 tractatam,
442 2533 609 2584 denuo
626 2535 921 2601 investigare
937 2543 988 2584 et
1003 2534 1126 2602 quid
1142 2534 1205 2585 de
1223 2554 1278 2585 ea
1296 2543 1514 2586 statuen-

139 2613 263 2662 dum
285 2617 347 2663 sit
362 2632 627 2680 quaereret
654 2644 707 2653 —
740 2614 904 2665 fateor
925 2624 1112 2677 tamen,
1142 2615 1377 2668 omnibus
1399 2617 1508 2671 fere
