1669 2878
487 1 492 11 ³
554 22 953 73 PR.⁰1⁴¹³:G.-0!1·¹³N
965 24 1015 58 A.
1401 16 1464 60 39

98 138 295 194 trinam,
334 131 588 206 QQJBmuni
623 138 818 192 tantum
850 132 1076 180 omnium
1109 133 1282 183 studiis
1312 144 1464 203 atque

95 217 265 275 labore
289 208 636 282 perficiendam
660 220 709 262 et
734 211 1098 272 absolvendam,
1120 225 1362 280 quantum
1379 236 1464 287 po-

97 304 192 347 test
210 295 438 357 conferre
457 294 650 347 studeat
667 296 684 360 (
695 293 708 339 ,¹
720 296 758 361 ).
1034 357 1036 359 ι

228 380 444 440 Definita
459 376 806 446 philosophiae
825 380 1046 437 notione,
1069 398 1162 430 suo
1181 377 1296 429 loco
1314 379 1465 447 pluri-

80 462 188 514 ‘bus
216 460 521 520 illustranda,
551 460 649 521 iam
672 457 873 509 historia
901 459 1245 529 philosophiae
1263 461 1387 529 quid
1405 465 1467 512 sit

95 546 365 612 quaeritur.
395 541 539 603 Quae
558 530 760 608 quidem
778 544 1000 610 quaestio
1019 545 1086 592 ita
1105 542 1299 593 dissolvi
1319 562 1465 612 posse

94 626 344 682 videatur,
382 631 441 673 ut
474 623 561 673 sit:
599 626 840 693 expositio
865 628 1127 685 nascentis,
1157 629 1464 694 augescentis

94 716 143 769 et
168 705 527 774 perfectionem
555 708 833 773 attingentis
859 707 1223 777 philosophiae.
1268 710 1356 758 Est
1381 711 1466 777 igi-

93 798 177 839 tur
200 788 322 839 haec
338 799 397 854 ut
414 789 575 839 omnis
593 787 798 855 historia
816 791 1060 855 enarratio
1078 790 1348 861 samonum,
1370 809 1465 842 nec

93 874 186 922 nisi
202 873 414 942 propri-a
440 859 649 921 suorum
673 870 943 931 factorum,
972 869 1075 921 sola
1092 889 1273 941 nempe
1292 875 1468 941 cogita-

94 957 227 1004 tione
251 963 621 1011 contentorum,
650 962 827 1004 natura
846 953 1027 1014 differt3
1052 954 1104 1003 id
1122 965 1212 1014 est,
1234 975 1395 1022 quum
1412 958 1465 1018 in

93 1037 327 1088 ‚omnibus
352 1035 457 1086 aliis
480 1035 669 1085 artibus
687 1034 766 1085 vel
789 1034 1059 1105 disciplinis
1076 1054 1152 1099 res
1171 1055 1467 1106 cognoscen-

95 1118 184 1165 dae
202 1127 564 1183 cognoscantur
584 1120 669 1173 ita,
697 1120 773 1165 uti
792 1119 1141 1185 experientiae,
1170 1112 1395 1168 sensibus
1412 1123 1466 1168 in

93 1198 337 1250 auxilium
354 1199 556 1259 vocatis,
584 1216 636 1249 se
657 1197 886 1258 offerant,
914 1216 1131 1267 quarum
1155 1197 1340 1250 idcirco
1360 1190 1470 1271 cog-

95 1284 345 1332 nitionum
371 1284 550 1332 veritas
577 1299 681 1329 non
710 1283 848 1345 omni
865 1299 936 1330 ex
961 1291 1101 1349 parte
1129 1282 1339 1331 stabilita
1365 1302 1468 1333 esse

94 1368 265 1434 possit,
288 1368 405 1434 quia
424 1383 559 1433 quael
570 1362 673 1414 sola
684 1366 986 1433 experientia
996 1367 1239 1424 nitantur,
1254 1365 1468 1416 aliorum

91 1466 269 1498 ¹rursus
287 1447 381 1498 alia
401 1448 702 1517 experientia
720 1448 874 1496 everti
893 1456 1044 1515 atque
1061 1447 1223 1496 refelli
1239 1466 1385 1516 posse
1396 1451 1469 1497 vi-

88 1531 295 1589 dentur,
330 1528 646 1597 Philosophia
671 1539 844 1588 contra
867 1531 920 1578 in
945 1529 1028 1578 illa
1050 1548 1154 1578 non
1178 1532 1464 1597 acquiescit,

95 1612 178 1662 sed
197 1620 358 1680 partas
380 1613 478 1661 iam
494 1629 551 1661 ac
569 1603 873 1680 comparatas
891 1629 1060 1660 rerum
1078 1612 1385 1679 cognitiones
1403 1630 1472 1675 se-

97 1693 216 1743 dulo
236 1696 498 1751 examinat,
519 1704 578 1743 ut
594 1695 789 1755 insitam
805 1694 955 1743 rebus
971 1702 1201 1742 naturam
1217 1693 1298 1743 vel
1315 1712 1472 1744 essen-

96 1779 215 1826 tiam
241 1778 402 1844 (venia
421 1778 484 1827 sit
500 1777 674 1843 verbo)
700 1778 1015 1845 pervestiget.
1052 1774 1197 1840 Quae
1223 1795 1384 1845 quum
1402 1779 1471 1828 ita

99 1861 214 1919 sint,
254 1861 574 1927 cogitationes
602 1857 947 1928 philosophiae
975 1877 1064 1908 seu
1090 1858 1397 1928 philosophi,
1431 1863 1469 1910 si

90 1942 248 1993 ‚modo
266 1954 398 1992 recte
417 1943 783 2010 concipiantur,
800 1960 903 1991 non
922 1941 1215 1991 subiectivas
1233 1944 1335 1992 sive
1352 1942 1470 2004 sub-

98 2026 228 2074 iecto
255 2026 488 2092 cogitanti
513 2025 738 2094 proprias
763 2024 848 2074 sed
870 2023 1134 2086 obiectivas
1154 2042 1256 2073 esse
1274 2026 1377 2074 sive
1395 2042 1472 2074 res

100 2107 247 2173 ipsas,
276 2108 331 2153 in
349 2125 471 2173 quas
488 2109 794 2175 inquiratur,
817 2108 1072 2156 continere
1089 2116 1243 2176 patet.
1281 2107 1370 2157 Est
1392 2109 1474 2173 igi-

186 2269 242 2325 (¹)
272 2264 357 2327 Περὶ
375 2272 440 2318 τῆς
457 2264 521 2316 μὲν
539 2268 728 2319 ἀληθείας
746 2267 889 2328 θεωρία
906 2274 953 2323 τῇ
967 2265 1031 2317 μὲν
1046 2265 1218 2323 χαλεπή,μ
1235 2273 1281 2322 τῇ
1295 2263 1335 2307 δὲ
1348 2266 1473 2325 5518(oe-

102 2341 247 2386 σημεῖον
266 2331 305 2377 δὲ
323 2332 413 2385 μήτε
432 2333 550 2391 ἀξίως
566 2334 704 2386 μηδένα
719 2334 914 2379 δύνασθαι
928 2341 1064 2391 τυχεῖν
1078 2337 1206 2386 αὐτῆς,
1223 2332 1313 2385 μήτε
1326 2332 1475 2379 πάντας

102 2399 405 2457 ἀποτυγχάνειν,
431 2403 514 2443 ἀλλ’
538 2398 695 2444 ἕκαστον
722 2401 845 2457 λέγειν
872 2422 906 2444 τι
930 2400 1011 2461 περὶ
1035 2408 1101 2453 τῆς
1120 2400 1272 2455 φύσεως
1289 2399 1354 2443 καὶ
1370 2399 1475 2443 καθ’

104 2466 169 2512 ἕνα
196 2466 260 2520 μὲν
279 2465 390 2520 μηδὲν
407 2465 429 2518 ἦ
448 2469 596 2528 σμικρὲν
614 2467 836 2524 ἐπιβάλλειν
855 2470 961 2523 αὐτῇ·
989 2471 1030 2510 ἐκ
1048 2465 1196 2510 πάντων
1215 2465 1255 2510 δὲ
1273 2471 1479 2530 συναθξρι-

111 2533 265 2586 {out-ivam
282 2534 468 2592 «γίνεσθαί
482 2557 516 2579 τι
535 2533 714 2591 μέγεθος.
742 2537 913 2580 Aristot.
927 2537 1219 2595 Metaphys.11,
1232 2539 1273 2580 1.
1298 2534 1303 2544 ⁷
