1669 2878
537 102 996 144 PROLEGOMENAss
1384 96 1449 147 37

85 218 319 274 Graeciae
343 215 547 276 delevit,
575 216 900 267 omnesssvires
925 214 1219 278 debilitavit,
1246 227 1448 270 tantam-

84 321 185 372 que
202 301 436 351 omnibus
454 300 746 350 consociatis
763 300 1042 352 civitatibus
1057 299 1244 377 cladem
1255 303 1441 365 intulit,

81 395 138 435 ut
163 402 255 434 nec
279 383 407 435 mala
431 392 601 453 postea
634 401 729 432 nec
763 383 975 433 remedia
1000 385 1101 454 pati
1129 395 1347 454 possent,
1375 389 1445 437 in-

79 469 285 519 feriores
317 468 590 518 discessisse
624 474 675 515 et
698 465 1093 517 Lacedaemoniis
1122 467 1443 519 succubuisse

77 550 329 600 audimus:
362 548 460 598 hoc
487 556 620 596 certe
646 566 820 615 magna
848 568 908 599 ex
936 550 1291 618 partevitiosis
1317 552 1446 620 ipso-

78 653 191 684 rum
209 632 442 683 institutis
459 630 782 699 tribuendum
799 632 1119 693 arbitramur;
1140 641 1190 683 at
1206 632 1444 684 Lacedae-

76 718 364 767 moniorum
385 711 534 781 legeS,
566 733 594 764 a
620 714 873 785 Lycurgo,
910 734 1003 766 nec
1029 717 1226 785 ingenio
1253 735 1345 768 nec
1371 736 1444 769 re-

74 817 190 847 rum
212 796 530 866 publicarum
553 797 1049 866 administrandarum
1072 810 1174 849 arte
1198 811 1443 868 aequante

75 880 329 939 Solonem,
351 881 615 936 institutas,
645 897 807 947 quum
830 897 933 928 non
959 879 1123 929 solum
1142 881 1270 929 nihil
1292 882 1355 931 ad
1379 882 1443 932 le-

72 961 303 1012 niendam
319 960 593 1012 naturalem
612 960 789 1030 populi
806 960 1072 1012 ruditatem
1089 962 1337 1022 fecissent,
1358 964 1443 1015 sed

75 1046 220 1095 etiam
242 1047 489 1095 auxissent
513 1062 622 1093 eam
645 1052 694 1092 et
718 1042 1003 1102 firmassent,
1038 1062 1143 1093 non
1160 1046 1440 1098 minoribus

74 1127 318 1177 laborasse
351 1130 484 1176 vitiis
516 1128 838 1195 perspicuum
866 1137 937 1176 est
964 1126 1054 1192 (¹).
1101 1126 1222 1190 Quo
1248 1128 1439 1178 factum

73 1217 163 1266 est,
185 1217 244 1257 ut
259 1209 397 1257 brevi
415 1218 528 1276 post
546 1217 708 1276 captas
724 1207 941 1257 Athenas
959 1208 1303 1257 Lacedaemon
1320 1208 1442 1277 quo-

73 1309 191 1359 que,
232 1291 298 1341 ob
332 1291 517 1340 durum
550 1290 817 1358 imperium
850 1289 983 1358 apud
1013 1307 1184 1340 omnes
1212 1292 1383 1351 invisa,
1415 1311 1444 1343 a

73 1373 429 1424 Thebanorum
462 1373 651 1423 eximiis
687 1371 898 1422 ducibus
932 1371 1261 1423 debellaretur
1298 1384 1347 1425 et
1378 1376 1440 1425 ab

72 1466 305 1525 usurpata
328 1456 663 1507 dominatione
686 1455 1057 1515 detrudet-'etum
1085 1456 1244 1506 donec
1260 1456 1466 1526 Philip,

71 1556 186 1606 pus,
223 1538 555 1588 Macedonum
583 1555 693 1596 rex,
725 1547 905 1587 cuncta
932 1538 1186 1587 discordiis
1213 1539 1441 1589 civilibus

72 1621 198 1670 fessa
215 1621 309 1669 sibi
336 1619 641 1670 subiicienda
666 1621 875 1686 paravit,
907 1634 1135 1688 opusque
1162 1622 1435 1689 inceptum,

74 1722 100 1752 a
120 1722 223 1772 quo
248 1702 451 1771 quidem
478 1701 776 1772 perficiendo
794 1720 928 1751 mors
946 1703 1112 1770 ipsum
1128 1713 1440 1771 praematura

73 1788 311 1847 avocavit,
341 1788 446 1855 ipse
465 1777 670 1853 magnus
689 1793 828 1853 pater
845 1786 1019 1834 maiori
1038 1783 1142 1835 filio
1160 1784 1439 1838 Alexandro

72 1869 370 1938 patrandum
384 1868 608 1918 tradidit:
632 1869 723 1936 qui
736 1866 856 1917 alter
869 1867 1086 1918 Achilles
1098 1870 1325 1938 imperio,
1348 1871 1442 1920 sibi

74 1954 354 2009 commisso,
377 1953 445 2000 ita
468 1950 713 1999 utendum
738 1960 811 2002 est
836 1951 1120 2018 arbitratus,
1149 1961 1207 2001 ut
1233 1952 1443 2020 populo-

73 2053 190 2082 rum
215 2036 460 2093 omnium,
485 2050 613 2101 quos
631 2042 717 2082 aut
734 2051 988 2082 armorum
1006 2035 1055 2082 vi
1073 2044 1158 2082 aut
1173 2044 1311 2083 metu
1330 2035 1443 2084 sub-

65 2118 258 2176 jiceret,
288 2116 432 2167 saluti
448 2134 552 2165 non
570 2117 734 2165 minus
752 2133 904 2184 quam
922 2111 1106 2184 gloriae
1130 2135 1246 2166 suae
1271 2135 1445 2167 consu-

73 2199 215 2249 leret.
253 2201 397 2265 Quae
414 2200 548 2249 enim
566 2207 616 2248 et
639 2208 825 2266 quanta
844 2198 1039 2249 fuerint
1062 2200 1236 2269 ipsius,
1257 2199 1317 2249 de
1333 2219 1444 2268 pro·

75 2283 292 2351 paganda
320 2300 411 2351 per
438 2280 758 2350 amplissimas
784 2279 1115 2350 latissimeque
1141 2291 1357 2351 patentes
1372 2299 1442 2330 re-

77 2367 245 2433 giones
262 2366 573 2415 Graecorum
598 2363 813 2424 cultura,
844 2366 1070 2416 omnium
1096 2384 1183 2415 ore
1200 2363 1440 2413 celebrata

77 2449 269 2507 merita,
290 2465 439 2498 nemo
455 2448 667 2515 ignorat.

165 2577 223 2632 (¹)
251 2575 492 2642 Herod-VI,
505 2576 572 2627 67,
599 2574 713 2616 Plut.
729 2575 852 2630 Ages.
870 2576 909 2615 1.
