1669 2878
148 85 214 136 42
610 102 1056 143 maen-munus.

144 206 226 256 vel
259 225 453 267 semen,
492 227 524 265 a,
553 227 656 275 quo
685 212 858 267 ,omnia
891 209 1141 279 paulatim>
1164 210 1518 276 gignebantur.-

145 290 383 357 Ineptum
410 299 543 340 certe
569 289 720 357 foret,
754 295 795 341 si
826 294 937 361 quis
966 300 1193 349 naturam
1226 291 1297 340 ob
1321 291 1513 358 »tardam

144 370 434 442 lentamque
456 372 591 422 illam
613 375 763 433 viam,
786 394 885 443 qua
904 377 955 423 in
976 373 1261 442 generandis
1280 377 1512 435 omnibus

143 457 388 527 procedit,
415 474 642 513 accusare
660 466 709 507 et
726 458 979 525 postulare
996 457 1132 518 velit,
1152 466 1211 516 ut
1227 457 1412 516 subito,
1434 461 1516 509 iti-

144 540 277 589 neris
293 539 547 594 necessarii
567 540 725 607 spatio
736 557 909 609 ,neque
921 559 1119 591 emenso
1130 557 1293 608 neque
1307 541 1514 599 omnino

145 619 349 680 calcato,
370 621 601 670 adfinem
620 625 901 690 perveniat:
923 626 993 673 sic
1010 634 1060 673 et
1076 626 1129 681 ii,
1152 625 1240 691 qui
1257 621 1513 681 facultates

142 701 338 755 homini
372 721 626 754 concessas
658 723 763 754 non
799 708 1115 774 respicientes
1149 724 1312 774 neque
1346 723 1516 756 secum

141 795 448 857 reputantes,
478 789 584 836 sine
608 786 782 846 labore
807 788 1121 856 nihil-generi
1140 789 1343 848 humani
1362 788 1515 837 tribu-

143 869 238 927 isse
255 868 424 936 deos(¹
438 872 476 936 ),
506 889 534 919 a
552 871 815 939 sapientiae
832 873 983 928 initiis
999 873 1171 938 primis
1189 869 1393 928 eandem
1412 888 1517 938 per-

142 951 742 1019 fectionemexspectant,
772 970 924 1018 quam
948 970 1051 1010 non
1075 953 1168 1001 nisi
1186 960 1300 1019 post
1315 949 1516 1018 longam

139 1032 454 1087 saeculorum
473 1036 650 1083 seriem
664 1033 922 1102 multaque
936 1034 1214 1092 conamina,
1236 1031 1515 1101 diligentiae

137 1113 410 1165 indefessae
429 1115 789 1165 documentum
806 1135 924 1185 prae
943 1134 994 1166 se
1019 1115 1247 1174 ferentia,
1276 1118 1515 1184 consequi

138 1196 214 1246 fas
241 1208 330 1247 est.
369 1197 547 1260 Quum
569 1217 719 1249 nemo
746 1200 976 1258 nostrum
999 1201 1098 1248 iam
1125 1198 1348 1247 eru-ditus
1377 1209 1426 1248 et
1450 1217 1517 1248 sa·

142 1280 303 1347 piens,
335 1281 489 1330 immo
514 1298 634 1330 vero
663 1282 891 1341 omnium
915 1299 1085 1332 rerum
1111 1281 1295 1331 inscius
1313 1288 1362 1330 et
1378 1280 1515 1341 rudis

142 1372 393 1421 nascatur,
420 1381 514 1412 nec
538 1365 701 1421 statim
726 1381 753 1412 e
772 1363 1033 1412 cunabulis
1058 1381 1146 1412 seu
1164 1362 1343 1431 puerili
1362 1372 1517 1413 aetate

139 1462 365 1511 ‚egressus
384 1445 447 1494 ad
466 1445 719 1496 doctrinae
743 1444 993 1513 fastigium
1020 1444 1229 1514 provehi
1256 1446 1410 1513 possit
1433 1446 1517 1495 sed

140 1527 398 1593 gradatim,
439 1546 465 1575 a
493 1528 804 1596 simplicibus
832 1528 1151 1595 proficiscens
1185 1526 1439 1577 elementis
1468 1538 1518 1577 et

136 1628 165 1657 a
190 1608 502 1672 facilioribus
532 1610 592 1658 ad
619 1609 889 1659 difficiliora
917 1627 1147 1678 quaeque
1174 1609 1512 1678 progrediens,

133 1691 356 1759 ,singulas
375 1692 660 1761 disciplinas
679 1691 927 1743 addiscere
945 1695 1106 1760 iisque
1132 1691 1294 1741 imbui
1319 1692 1512 1752 debeat,

137 1776 206 1824 ita
232 1774 440 1842 quidem
465 1784 524 1824 ut
546 1777 609 1825 sit
632 1775 867 1833 eruditio,
900 1775 959 1824 ad
988 1777 1181 1824 exitum
1206 1793 1362 1843 paene
1388 1776 1517 1824 vitae

139 1866 441 1924 comparata,
469 1866 641 1917 totum>
658 1857 848 1924 aliquid
876 1866 926 1905 et
943 1876 1104 1905 unum
1122 1875 1182 1905 ex
1200 1858 1345 1905 variis
1364 1858 1516 1906 inter-

139 1957 241 2006 que
256 1957 307 1988 se
325 1938 528 1987 diversis
541 1939 766 2007 partibus
778 1947 1024 1986 constans:
1047 1947 1156 1986 tum
1168 1939 1313 1986 etiam
1325 1957 1513 1999 omnes,

128 2025 228 2090 qui
265 2040 491 2090 unquam
532 2023 735 2090 ingenio
761 2019 1056 2076 ,excelluere
1090 2030 1139 2070 et
1172 2020 1518 2091 philosophiae

140 2123 344 2173 operam
382 2104 561 2154 dedere
603 2105 667 2153 ab·
707 2104 1063 2172 antiquissimis
1103 2104 1226 2152 inde·
1252 2102 1313 2152 ad
1348 2114 1517 2155 nostra

139 2205 304 2255 usque
331 2198 574 2255 tempora,
601 2187 829 2238 homines
856 2205 951 2255 pro
978 2187 1170 2254 viribus
1199 2188 1299 2237 suis
1326 2187 1385 2235 ad
1415 2188 1515 2238 for-

137 2269 372 2319 mandam
407 2269 830 2337 excolendamque
863 2271 1171 2338 sapientiam,
1208 2272 1411 2338 proprie
1446 2273 1516 2319 sic

137 2353 335 2413 dictam,
347 2351 619 2412 contulere,
630 2371 734 2404 non
745 2362 913 2403 autem
923 2355 1080 2422 ipsam
1096 2352 1370 2411 confecere,
1382 2371 1517 2422 prae-

222 2483 280 2540 (¹)
311 2488 395 2524 Τῶν
423 2481 499 2541 γὰρ
526 2476 637 2523 b'vrw'v
664 2482 836 2537 ἀγαθῶν
860 2479 923 2524 καὶ
941 2488 1068 2525 καλῶν
1086 2477 1193 2524 οὐδὲν
1212 2476 1301 2523 ἄνευ
1322 2478 1434 2523 πόνου
1453 2479 1517 2523 καὶ

139 2549 347 2600 ἐπιμελείας
365 2547 453 2594 »θεοὶ
469 2547 638 2594 διδόασιν
652 2548 879 2611 ἀνθρώποις.
898 2553 1082 2609 Xenoph.
1096 2552 1319 2594 Memorah.
1334 2552 1386 2602 Π,
1398 2551 1438 2602 1,
1446 2552 1514 2604 28,

141 2619 307 2660 Hesiod.
323 2635 392 2674 op.
408 2630 448 2661 et
461 2621 504 2662 d.
521 2622 601 2663 287
616 2634 707 2674 sqq.
